%YAML 1.1
%TAG !u! tag:unity3d.com,2011:
--- !u!1 &4473268310303835953
GameObject:
  m_ObjectHideFlags: 0
  m_CorrespondingSourceObject: {fileID: 0}
  m_PrefabInstance: {fileID: 0}
  m_PrefabAsset: {fileID: 0}
  serializedVersion: 6
  m_Component:
  - component: {fileID: 4473268310303835958}
  m_Layer: 12
  m_Name: name
  m_TagString: Untagged
  m_Icon: {fileID: 0}
  m_NavMeshLayer: 0
  m_StaticEditorFlags: 0
  m_IsActive: 1
--- !u!4 &4473268310303835958
Transform:
  m_ObjectHideFlags: 0
  m_CorrespondingSourceObject: {fileID: 0}
  m_PrefabInstance: {fileID: 0}
  m_PrefabAsset: {fileID: 0}
  m_GameObject: {fileID: 4473268310303835953}
  m_LocalRotation: {x: 0, y: 0, z: 0, w: 1}
  m_LocalPosition: {x: 0, y: 1.795, z: 0}
  m_LocalScale: {x: 1, y: 1, z: 1}
  m_Children: []
  m_Father: {fileID: 7647480831592709539}
  m_RootOrder: 1
  m_LocalEulerAnglesHint: {x: 0, y: 0, z: 0}
--- !u!1 &7647480831592709537
GameObject:
  m_ObjectHideFlags: 0
  m_CorrespondingSourceObject: {fileID: 0}
  m_PrefabInstance: {fileID: 0}
  m_PrefabAsset: {fileID: 0}
  serializedVersion: 6
  m_Component:
  - component: {fileID: 7647480831592709539}
  - component: {fileID: 7647480831592709538}
  - component: {fileID: 4658091040824087671}
  - component: {fileID: 768173211910229431}
  - component: {fileID: 4473268310035987980}
  - component: {fileID: 5628763639047947050}
  - component: {fileID: 4818253552294546783}
  m_Layer: 12
  m_Name: WoodStumpObstacle
  m_TagString: Resource
  m_Icon: {fileID: 0}
  m_NavMeshLayer: 0
  m_StaticEditorFlags: 0
  m_IsActive: 1
--- !u!4 &7647480831592709539
Transform:
  m_ObjectHideFlags: 0
  m_CorrespondingSourceObject: {fileID: 0}
  m_PrefabInstance: {fileID: 0}
  m_PrefabAsset: {fileID: 0}
  m_GameObject: {fileID: 7647480831592709537}
  m_LocalRotation: {x: 0, y: -0.8262605, z: 0, w: 0.5632882}
  m_LocalPosition: {x: 50.57, y: 8.523, z: 149.79}
  m_LocalScale: {x: 0.6474513, y: 0.780049, z: 0.6474513}
  m_Children:
  - {fileID: 2784519867595403287}
  - {fileID: 4473268310303835958}
  m_Father: {fileID: 0}
  m_RootOrder: 0
  m_LocalEulerAnglesHint: {x: 0, y: -111.43301, z: 0}
--- !u!208 &7647480831592709538
NavMeshObstacle:
  m_ObjectHideFlags: 0
  m_CorrespondingSourceObject: {fileID: 0}
  m_PrefabInstance: {fileID: 0}
  m_PrefabAsset: {fileID: 0}
  m_GameObject: {fileID: 7647480831592709537}
  m_Enabled: 1
  serializedVersion: 3
  m_Shape: 0
  m_Extents: {x: 0.32, y: 0.485, z: 0.32}
  m_MoveThreshold: 0.1
  m_Carve: 1
  m_CarveOnlyStationary: 1
  m_Center: {x: 0, y: 0.27, z: 0}
  m_TimeToStationary: 0.5
--- !u!54 &4658091040824087671
Rigidbody:
  m_ObjectHideFlags: 0
  m_CorrespondingSourceObject: {fileID: 0}
  m_PrefabInstance: {fileID: 0}
  m_PrefabAsset: {fileID: 0}
  m_GameObject: {fileID: 7647480831592709537}
  serializedVersion: 2
  m_Mass: 1
  m_Drag: 0
  m_AngularDrag: 0.05
  m_UseGravity: 0
  m_IsKinematic: 1
  m_Interpolate: 0
  m_Constraints: 0
  m_CollisionDetection: 0
--- !u!136 &768173211910229431
CapsuleCollider:
  m_ObjectHideFlags: 0
  m_CorrespondingSourceObject: {fileID: 0}
  m_PrefabInstance: {fileID: 0}
  m_PrefabAsset: {fileID: 0}
  m_GameObject: {fileID: 7647480831592709537}
  m_Material: {fileID: 0}
  m_IsTrigger: 1
  m_Enabled: 1
  m_Radius: 0.3
  m_Height: 0.8866682
  m_Direction: 1
  m_Center: {x: 0, y: 0.27833545, z: 0}
--- !u!114 &4473268310035987980
MonoBehaviour:
  m_ObjectHideFlags: 0
  m_CorrespondingSourceObject: {fileID: 0}
  m_PrefabInstance: {fileID: 0}
  m_PrefabAsset: {fileID: 0}
  m_GameObject: {fileID: 7647480831592709537}
  m_Enabled: 0
  m_EditorHideFlags: 0
  m_Script: {fileID: 11500000, guid: 5fea29bb7c508c244a1f805a5fd3fc4d, type: 3}
  m_Name: 
  m_EditorClassIdentifier: 
  outlineMode: 3
  outlineColor: {r: 1, g: 0.9780377, b: 0, a: 1}
  outlineWidth: 3.5
  precomputeOutline: 1
  bakeKeys:
  - {fileID: -7746919857028364773, guid: 93b89f33c5c507740b3fbad6633879d5, type: 3}
  bakeValues:
  - data:
    - {x: 0.468457, y: 0.31001, z: 0.82731}
    - {x: 0.08068411, y: -0.9938981, z: 0.07521101}
    - {x: 0.6120668, y: 0.18337394, z: 0.76925176}
    - {x: 0.24019991, y: -0.47970182, z: 0.8439137}
    - {x: 0.0008107077, y: -0.99999964, z: 0.00015754995}
    - {x: 0.0715972, y: -0.9965861, z: 0.0411096}
    - {x: 0.0043372503, y: -0.9999582, z: 0.008046651}
    - {x: 0.000155721, y: -1, z: -0.000294451}
    - {x: 0.00063569326, y: -0.9999994, z: -0.0008964184}
    - {x: -0.034345016, y: -0.99939334, z: 0.005780962}
    - {x: 0.006250531, y: -0.9999801, z: -0.0008927111}
    - {x: -0.19865002, y: -0.9794931, z: 0.0336375}
    - {x: -0.5346741, y: -0.70703006, z: 0.46285203}
    - {x: -0.015503302, y: -0.99962914, z: 0.022385702}
    - {x: -0.30210394, y: -0.9386738, z: 0.16620699}
    - {x: 0.85082173, y: 0.38527787, z: 0.35729992}
    - {x: 0.8821784, y: -0.35537916, z: 0.30897716}
    - {x: 0.11538504, y: -0.9916703, z: 0.05723932}
    - {x: 0.34979087, y: -0.92841464, z: -0.12526995}
    - {x: 0.858815, y: 0.43580204, z: 0.269283}
    - {x: 0.09108295, y: -0.9929486, z: 0.07587456}
    - {x: 0.015681898, y: -0.99871475, z: -0.048196483}
    - {x: 0.04459018, y: -0.9977865, z: 0.04933248}
    - {x: 0.013199207, y: -0.9998465, z: 0.011522806}
    - {x: 0.791113, y: 0.0696897, z: 0.607687}
    - {x: 0.0070605436, y: -0.99155456, z: -0.12949808}
    - {x: 0.0017012894, y: -0.99992967, z: -0.011740095}
    - {x: 0.003132549, y: -0.9998097, z: -0.019255895}
    - {x: 0.15093592, y: -0.29688385, z: -0.94290954}
    - {x: 0.045303017, y: -0.15456507, z: -0.98694336}
    - {x: -0.0006791703, y: -0.9999994, z: -0.0008320323}
    - {x: -0.008434993, y: -0.99994934, z: 0.005503142}
    - {x: -0.76180726, y: -0.11674005, z: 0.6371982}
    - {x: -0.81507367, y: -0.10094895, z: 0.5704948}
    - {x: -0.74435604, y: -0.46723005, z: 0.47710603}
    - {x: -0.14355703, y: -0.98789716, z: 0.05874151}
    - {x: -0.0226905, y: -0.99966, z: -0.0128464}
    - {x: -0.37907007, y: -0.89210314, z: 0.24588203}
    - {x: 0.027996803, y: -0.9959921, z: -0.08494561}
    - {x: 0.115374, y: -0.785018, z: -0.60863405}
    - {x: 0.84302443, y: 0.3659002, z: -0.39424217}
    - {x: 0.08866692, y: -0.74465215, z: -0.6615371}
    - {x: 0.39093807, y: 0.20438704, z: -0.89743716}
    - {x: -0.004667188, y: -0.9955556, z: -0.094059564}
    - {x: -0.12026403, y: 0.18322904, z: -0.97568625}
    - {x: -0.22260192, y: -0.9435887, z: -0.24512993}
    - {x: -0.40177894, y: 0.44012892, z: -0.80303186}
    - {x: -0.23169, y: -0.159245, z: -0.959667}
    - {x: -0.3747762, y: -0.6168994, z: -0.6920824}
    - {x: -0.85915816, y: 0.25537106, z: -0.44343308}
    - {x: -0.6856909, y: -0.7084539, z: -0.16709597}
    - {x: -0.83774406, y: 0.22680402, z: -0.49673405}
    - {x: -0.92596054, y: -0.35221222, z: 0.1361751}
    - {x: -0.9237406, y: -0.2855029, z: -0.2553259}
    - {x: -0.5104002, y: -0.08691674, z: 0.8555333}
    - {x: 0.52846587, y: 0.32663992, z: -0.7836008}
    - {x: 0.009837306, y: -0.99981767, z: -0.016369594}
    - {x: 0.26381093, y: -0.39932492, z: -0.8780338}
    - {x: 0.18008693, y: 0.10114597, z: -0.97843665}
    - {x: 0.10256906, y: 0.26610515, z: -0.95847154}
    - {x: 0.15366697, y: -0.96164674, z: -0.22720493}
    - {x: 0.22484699, y: -0.96643794, z: -0.12426399}
    - {x: 0.05797968, y: -0.9983177, z: -0.00044096485}
    - {x: 0.9116737, y: 0.40501386, z: -0.069387875}
    - {x: 0.18663895, y: -0.98094577, z: 0.05395709}
    - {x: 0.93674433, y: 0.31677213, z: 0.14888106}
    - {x: 0.73966897, y: -0.13944198, z: 0.65836596}
    - {x: 0.9277182, y: 0.33000708, z: 0.17445405}
    - {x: 0.13204998, y: -0.040117998, z: 0.9904309}
    - {x: 0.84302443, y: 0.3659002, z: -0.39424217}
    - {x: 0.038060997, y: 0.19094796, z: -0.98086196}
    - {x: 0.003132549, y: -0.9998097, z: -0.019255895}
    - {x: 0.61160797, y: 0.7776619, z: -0.14552498}
    - {x: -0.21861489, y: 0.11636995, z: -0.9688476}
    - {x: -0.061989706, y: 0.6897971, z: -0.7213441}
    - {x: 0.27993494, y: 0.6791119, z: -0.6785599}
    - {x: 0.115374, y: -0.785018, z: -0.60863405}
    - {x: 0.027996803, y: -0.9959921, z: -0.08494561}
    - {x: 0.30335706, y: 0.94503725, z: -0.12198003}
    - {x: -0.053074885, y: 0.9534987, z: -0.29668692}
    - {x: 0.2670031, y: 0.8115202, z: -0.5197541}
    - {x: 0.22274908, y: 0.57826024, z: -0.78485537}
    - {x: 0.3899218, y: 0.9161866, z: -0.09253775}
    - {x: 0.0210286, y: 0.995876, z: -0.0882545}
    - {x: 0.28703392, y: 0.4877608, z: -0.82443976}
    - {x: 0.602039, y: 0.468427, z: -0.646626}
    - {x: 0.39093807, y: 0.20438704, z: -0.89743716}
    - {x: 0.5497213, y: 0.5282623, z: -0.64710534}
    - {x: 0.52043414, y: 0.75620615, z: -0.39661112}
    - {x: 0.317839, y: 0.832569, z: -0.45366}
    - {x: 0.28463402, y: 0.79587513, z: -0.53438413}
    - {x: 0.17943902, y: 0.4717621, z: -0.8632741}
    - {x: 0.08866692, y: -0.74465215, z: -0.6615371}
    - {x: -0.032092102, y: 0.45825705, z: -0.8882401}
    - {x: -0.12026403, y: 0.18322904, z: -0.97568625}
    - {x: -0.36165395, y: 0.6126939, z: -0.7027179}
    - {x: -0.27963406, y: 0.78076017, z: -0.5587651}
    - {x: -0.004667188, y: -0.9955556, z: -0.094059564}
    - {x: -0.40177894, y: 0.44012892, z: -0.80303186}
    - {x: 0.0042719897, y: 0.73585486, z: -0.6771259}
    - {x: -0.15008397, y: 0.82296383, z: -0.54790986}
    - {x: -0.35391822, y: 0.7876515, z: -0.50432837}
    - {x: -0.481803, y: 0.62669, z: -0.612475}
    - {x: -0.22260192, y: -0.9435887, z: -0.24512993}
    - {x: -0.6935607, y: 0.6074927, z: -0.38720286}
    - {x: -0.23169, y: -0.159245, z: -0.959667}
    - {x: -0.2890149, y: 0.53222984, z: -0.79573977}
    - {x: -0.5490502, y: 0.6990733, z: -0.4580832}
    - {x: -0.16780394, y: 0.69620574, z: -0.69795376}
    - {x: -0.37739187, y: 0.7813418, z: -0.49707186}
    - {x: -0.20928389, y: 0.9492725, z: -0.23469588}
    - {x: 0.23528703, y: 0.71330106, z: -0.6601831}
    - {x: 0.509544, y: 0.38315004, z: -0.7704291}
    - {x: -0.0699631, y: 0.9974521, z: 0.013944101}
    - {x: 0.34979087, y: -0.92841464, z: -0.12526995}
    - {x: 0.09108295, y: -0.9929486, z: 0.07587456}
    - {x: 0.8651389, y: 0.43111596, z: 0.25626898}
    - {x: 0.44761094, y: 0.7364449, z: -0.50724095}
    - {x: 0.73896897, y: 0.52206594, z: 0.42587796}
    - {x: 0.67771506, y: 0.53755206, z: 0.50173706}
    - {x: 0.8708622, y: 0.46627513, z: -0.15552004}
    - {x: 0.858815, y: 0.43580204, z: 0.269283}
    - {x: 0.733926, y: 0.678976, z: 0.0185572}
    - {x: 0.32567206, y: 0.8946742, z: -0.30577105}
    - {x: 0.6663039, y: 0.65846086, z: 0.3499549}
    - {x: 0.20255893, y: 0.9402938, z: -0.27352795}
    - {x: 0.3926078, y: 0.9073336, z: 0.15034895}
    - {x: 0.62801296, y: 0.61967194, z: 0.47075096}
    - {x: 0.2766221, y: 0.9606692, z: -0.024388008}
    - {x: 0.6633372, y: 0.5335942, z: 0.5246532}
    - {x: 0.11538504, y: -0.9916703, z: 0.05723932}
    - {x: 0.85082173, y: 0.38527787, z: 0.35729992}
    - {x: 0.29340184, y: 0.95596457, z: 0.006870337}
    - {x: 0.5714267, y: 0.7496086, z: 0.33400384}
    - {x: 0.2981109, y: 0.8662848, z: -0.40084988}
    - {x: 0.41165012, y: 0.91133624, z: 0.003234261}
    - {x: 0.12644598, y: 0.6290879, z: -0.76698095}
    - {x: 0.53787893, y: 0.71900696, z: 0.44013098}
    - {x: 0.46009, y: 0.850434, z: 0.255106}
    - {x: 0.7395077, y: 0.4557538, z: 0.4953958}
    - {x: 0.30217797, y: 0.9438849, z: 0.13330398}
    - {x: 0.81691444, y: 0.5640876, z: 0.120232925}
    - {x: 0.7852678, y: 0.6129778, z: 0.08725107}
    - {x: 0.41165012, y: 0.91133624, z: 0.003234261}
    - {x: 0.069461696, y: 0.8210939, z: 0.56655097}
    - {x: 0.4646311, y: 0.63723516, z: 0.6148572}
    - {x: 0.3523719, y: 0.66361284, z: 0.65988785}
    - {x: 0.08097883, y: 0.47366515, z: 0.8769743}
    - {x: 0.69552624, y: 0.3222641, z: 0.64217526}
    - {x: 0.39545813, y: 0.046240713, z: 0.9173193}
    - {x: 0.4341571, y: 0.47962013, z: 0.7625432}
    - {x: 0.24019991, y: -0.47970182, z: 0.8439137}
    - {x: 0.0043372503, y: -0.9999582, z: 0.008046651}
    - {x: 0.5085808, y: 0.49895483, z: 0.70170474}
    - {x: 0.54083407, y: 0.51249206, z: 0.6669711}
    - {x: 0.468457, y: 0.31001, z: 0.82731}
    - {x: 0.62055093, y: 0.58563197, z: 0.5214899}
    - {x: 0.6120668, y: 0.18337394, z: 0.76925176}
    - {x: 0.08068411, y: -0.9938981, z: 0.07521101}
    - {x: 0.47416022, y: 0.70475537, z: 0.52772325}
    - {x: 0.6936059, y: 0.59886587, z: 0.4003379}
    - {x: 0.7322398, y: 0.55436385, z: 0.39560786}
    - {x: 0.0715972, y: -0.9965861, z: 0.0411096}
    - {x: 0.8821784, y: -0.35537916, z: 0.30897716}
    - {x: -0.8817452, y: 0.40168613, z: 0.24733308}
    - {x: -0.38579503, y: 0.5873691, z: 0.711449}
    - {x: -0.8068562, y: 0.4169501, z: 0.41849217}
    - {x: -0.89972854, y: 0.38520423, z: 0.20519812}
    - {x: -0.8808515, y: 0.38526824, z: 0.27508014}
    - {x: -0.8488021, y: 0.31171307, z: 0.42704806}
    - {x: -0.89728576, y: 0.39236692, z: 0.20230295}
    - {x: -0.8549898, y: 0.3456749, z: 0.3866539}
    - {x: -0.92315584, y: 0.3663229, z: 0.11657998}
    - {x: -0.867107, y: 0.465624, z: 0.176974}
    - {x: -0.86191577, y: 0.49213287, z: 0.122091964}
    - {x: -0.88385427, y: 0.35730013, z: 0.30189112}
    - {x: -0.604791, y: 0.411073, z: 0.68209}
    - {x: -0.6147177, y: 0.4842988, z: 0.6225567}
    - {x: -0.4387289, y: 0.41801894, z: 0.79547286}
    - {x: -0.47342908, y: 0.7801682, z: 0.4089041}
    - {x: -0.34168404, y: 0.56258106, z: 0.75283104}
    - {x: -0.7215549, y: 0.4410209, z: 0.5337219}
    - {x: -0.75140417, y: 0.5631491, z: 0.34388208}
    - {x: -0.6026871, y: 0.7864471, z: 0.13516401}
    - {x: -0.5142691, y: 0.8473452, z: -0.13241403}
    - {x: -0.49979597, y: 0.7505959, z: 0.43221498}
    - {x: -0.4747091, y: 0.84525913, z: 0.24533305}
    - {x: -0.33124402, y: 0.8985561, z: 0.28787902}
    - {x: -0.2322041, y: 0.9554864, z: 0.18200809}
    - {x: -0.26017895, y: 0.43781292, z: 0.86059684}
    - {x: -0.10187804, y: 0.44565216, z: 0.8893903}
    - {x: -0.5357108, y: 0.6524988, z: 0.5359658}
    - {x: -0.6191611, y: 0.7843032, z: 0.038833607}
    - {x: -0.48137397, y: 0.8261209, z: 0.292922}
    - {x: -0.3238859, y: 0.94609064, z: 0.0032354188}
    - {x: -0.38270605, y: 0.7061001, z: 0.5957841}
    - {x: -0.30813813, y: 0.8135543, z: 0.4931332}
    - {x: 0.09459027, y: 0.3557379, z: 0.9297867}
    - {x: 0.32863304, y: 0.44494906, z: 0.83307904}
    - {x: -0.40460306, y: 0.89147913, z: -0.20386603}
    - {x: -0.36692014, y: 0.9177024, z: 0.15228906}
    - {x: 0.022603497, y: 0.5407139, z: 0.84090286}
    - {x: 0.29489806, y: 0.3076411, z: 0.9046502}
    - {x: 0.54511505, y: 0.37718803, z: 0.7487181}
    - {x: 0.259854, y: 0.20036002, z: 0.94463307}
    - {x: 0.72744924, y: 0.36013013, z: 0.58405817}
    - {x: 0.67524403, y: 0.265242, z: 0.688253}
    - {x: 0.18810897, y: 0.11773499, z: 0.9750659}
    - {x: 0.14395902, y: 0.23327303, z: 0.96169615}
    - {x: 0.4145912, y: 0.25290912, z: 0.87415737}
    - {x: 0.4034658, y: 0.32479188, z: 0.8554096}
    - {x: 0.7831828, y: 0.22070196, z: 0.5813049}
    - {x: 0.8212578, y: 0.25303796, z: 0.51137793}
    - {x: 0.83970284, y: 0.28592095, z: 0.4616799}
    - {x: 0.88389593, y: 0.241387, z: 0.40057498}
    - {x: 0.88680935, y: 0.23769811, z: 0.39631915}
    - {x: 0.8795049, y: 0.24698098, z: 0.406782}
    - {x: 0.8670093, y: 0.2697961, z: 0.41893315}
    - {x: 0.73957515, y: 0.38536707, z: 0.5518341}
    - {x: 0.87587434, y: 0.31168616, z: 0.3683692}
    - {x: 0.84115064, y: 0.27972287, z: 0.46283978}
    - {x: 0.7804122, y: 0.43762308, z: 0.4465901}
    - {x: 0.6124921, y: 0.45012605, z: 0.64980006}
    - {x: 0.7161767, y: 0.5401708, z: 0.44193482}
    - {x: 0.3805309, y: 0.4422809, z: 0.81214774}
    - {x: 0.5283179, y: 0.67230994, z: 0.5185359}
    - {x: 0.31467688, y: 0.9014437, z: 0.2972839}
    - {x: 0.27186006, y: 0.43040407, z: 0.8607232}
    - {x: 0.16578698, y: 0.65433496, z: 0.7378079}
    - {x: 0.07327238, y: 0.7916198, z: 0.6066048}
    - {x: 0.3311299, y: 0.76475877, z: 0.5527178}
    - {x: 0.33518112, y: 0.8530993, z: 0.3998441}
    - {x: 0.3504981, y: 0.7873302, z: 0.50721014}
    - {x: 0.055854805, y: 0.9747131, z: 0.21636702}
    - {x: 0.2749001, y: 0.8619714, z: 0.42595217}
    - {x: 0.09336668, y: 0.97046083, z: 0.22245997}
    - {x: 0.30684906, y: 0.88861716, z: 0.34088606}
    - {x: 0.34985995, y: 0.9056568, z: 0.23954895}
    - {x: 0.080516785, y: 0.8905489, z: 0.44770497}
    - {x: 0.22511601, y: 0.90744907, z: 0.35476604}
    - {x: 0.45370284, y: 0.88070565, z: 0.13605595}
    - {x: 0.42568517, y: 0.9007534, z: -0.08622933}
    - {x: 0.08639329, y: 0.8549909, z: 0.51139694}
    - {x: -0.118601054, y: 0.9731934, z: 0.19704908}
    - {x: 0.41816506, y: 0.8174112, z: -0.3962031}
    - {x: -0.010764304, y: 0.95315135, z: -0.30230212}
    - {x: 0.25149596, y: 0.9110089, z: -0.32682195}
    - {x: 0.35982502, y: 0.8719941, z: -0.33189204}
    - {x: -0.014355504, y: 0.98510927, z: 0.17132907}
    - {x: 0.04113759, y: 0.9976428, z: 0.054921888}
    - {x: -0.2762081, y: 0.9425233, z: 0.18804006}
    - {x: -0.43590474, y: 0.89992946, z: -0.010672193}
    - {x: -0.34697098, y: 0.9369689, z: -0.041234996}
    - {x: -0.56641, y: 0.803456, z: -0.183407}
    - {x: -0.51610565, y: 0.81472045, z: -0.26432082}
    - {x: 0.31762996, y: -0.73767596, z: 0.5957729}
    - {x: 0.0043372503, y: -0.9999582, z: 0.008046651}
    - {x: 0.39545813, y: 0.046240713, z: 0.9173193}
    - {x: 0.74943626, y: 0.12693605, z: 0.64979416}
    - {x: 0.69552624, y: 0.3222641, z: 0.64217526}
    - {x: 0.61518335, y: 0.28344315, z: 0.73566943}
    - {x: 0.48110694, y: 0.059196897, z: 0.8746609}
    - {x: 0.011706798, y: 0.106713995, z: 0.99422085}
    - {x: -0.20194106, y: -0.24607207, z: 0.94798124}
    - {x: 0.2094401, y: 0.22353312, z: 0.9519285}
    - {x: -0.008333197, y: 0.30657288, z: 0.95181066}
    - {x: -0.29734796, y: 0.13585098, z: 0.94505495}
    - {x: -0.27852204, y: 0.24208602, z: 0.9294191}
    - {x: -0.4447077, y: 0.08383725, z: 0.8917434}
    - {x: -0.53397876, y: -0.4057238, z: 0.7417917}
    - {x: -0.733109, y: 0.255239, z: 0.6304}
    - {x: -0.67076904, y: -0.24178001, z: 0.70115006}
    - {x: -0.35738602, y: 0.42044902, z: 0.83396506}
    - {x: -0.512913, y: 0.190295, z: 0.837083}
    - {x: -0.3994819, y: -0.09622817, z: 0.9116767}
    - {x: -0.5537763, y: 0.16964708, z: 0.8152003}
    - {x: -0.4951318, y: 0.2438289, z: 0.83390164}
    - {x: -0.62565714, y: 0.25874606, z: 0.7359372}
    - {x: 0.16783997, y: 0.4123469, z: 0.89543283}
    - {x: -0.238309, y: 0.312192, z: 0.919644}
    - {x: 0.128325, y: 0.43394402, z: 0.89175403}
    - {x: 0.15498301, y: 0.43576005, z: 0.8866191}
    - {x: 0.5188092, y: 0.38060912, z: 0.7654892}
    - {x: -0.41403687, y: 0.22951892, z: 0.88084877}
    - {x: -0.2589661, y: 0.34254313, z: 0.9031063}
    - {x: 0.78222203, y: 0.27409402, z: 0.559465}
    - {x: 0.7369597, y: 0.34792686, z: 0.57951474}
    - {x: 0.78576154, y: 0.31090382, z: 0.5347127}
    - {x: 0.4646311, y: 0.63723516, z: 0.6148572}
    - {x: 0.86531484, y: 0.3476929, z: 0.3610259}
    - {x: 0.81691444, y: 0.5640876, z: 0.120232925}
    - {x: 0.9163958, y: 0.3739049, z: 0.14287695}
    - {x: 0.43035993, y: 0.4506739, z: 0.78210187}
    - {x: 0.80865586, y: 0.35663596, z: 0.46785295}
    - {x: 0.45327303, y: 0.48621303, z: 0.7470881}
    - {x: 0.93813866, y: 0.34280884, z: -0.04876348}
    - {x: 0.67524403, y: 0.265242, z: 0.688253}
    - {x: 0.7852678, y: 0.6129778, z: 0.08725107}
    - {x: 0.72744924, y: 0.36013013, z: 0.58405817}
    - {x: 0.54511505, y: 0.37718803, z: 0.7487181}
    - {x: 0.7501816, y: 0.6342407, z: -0.18699291}
    - {x: 0.32863304, y: 0.44494906, z: 0.83307904}
    - {x: 0.7844201, y: 0.61854905, z: 0.045632005}
    - {x: 0.632167, y: 0.75009, z: -0.194242}
    - {x: 0.3395701, y: 0.9027293, z: 0.2641441}
    - {x: -0.10187804, y: 0.44565216, z: 0.8893903}
    - {x: 0.67034876, y: 0.63008976, z: 0.3919429}
    - {x: 0.190314, y: 0.947321, z: -0.257611}
    - {x: -0.34168404, y: 0.56258106, z: 0.75283104}
    - {x: -0.19665894, y: 0.97660375, z: -0.087008774}
    - {x: -0.47342908, y: 0.7801682, z: 0.4089041}
    - {x: 0.11809396, y: 0.9914517, z: -0.05547348}
    - {x: 0.37915415, y: 0.7730463, z: 0.50856817}
    - {x: 0.2906078, y: 0.54361963, z: 0.7874165}
    - {x: 0.144323, y: 0.752473, z: 0.642616}
    - {x: -0.08407112, y: 0.97255623, z: 0.21694806}
    - {x: -0.0284419, y: 0.640789, z: 0.76719}
    - {x: -0.18106697, y: 0.8978509, z: 0.40134594}
    - {x: -0.6527643, y: 0.58385426, z: 0.48271424}
    - {x: -0.559336, y: 0.439518, z: 0.702828}
    - {x: -0.50480187, y: 0.85578775, z: 0.11314796}
    - {x: -0.60796523, y: 0.7464143, z: 0.2706361}
    - {x: -0.68965226, y: 0.42482314, z: 0.58643425}
    - {x: -0.54519606, y: 0.8376661, z: 0.032812003}
    - {x: -0.8134369, y: 0.546894, z: -0.19805898}
    - {x: -0.6147177, y: 0.4842988, z: 0.6225567}
    - {x: -0.834555, y: 0.530165, z: 0.14981}
    - {x: -0.76855195, y: 0.525126, z: 0.36547297}
    - {x: -0.971033, y: 0.23853, z: -0.0140876}
    - {x: -0.76893157, y: 0.4199578, z: 0.48205775}
    - {x: -0.66181874, y: 0.33891487, z: 0.6686798}
    - {x: -0.7829818, y: 0.33860892, z: 0.5218079}
    - {x: -0.790854, y: 0.300418, z: 0.533197}
    - {x: -0.8064883, y: 0.3051411, z: 0.5064242}
    - {x: -0.6590201, y: 0.25784707, z: 0.7065461}
    - {x: -0.7772687, y: 0.2578569, z: 0.5739018}
    - {x: -0.88466084, y: 0.33438194, z: 0.32490593}
    - {x: -0.7523793, y: -0.11971104, z: 0.6477613}
    - {x: -0.97970897, y: 0.200175, z: 0.010020299}
    - {x: -0.63830113, y: 0.26786104, z: 0.7216801}
    - {x: -0.8207427, y: 0.22680992, z: 0.5243458}
    - {x: -0.78406924, y: 0.35474312, z: 0.5093062}
    - {x: -0.9088626, y: 0.22503614, z: 0.35118023}
    - {x: -0.30210394, y: -0.9386738, z: 0.16620699}
    - {x: -0.9289476, y: 0.3433919, z: 0.13834095}
    - {x: -0.9113266, y: 0.25915888, z: 0.31987584}
    - {x: -0.034345016, y: -0.99939334, z: 0.005780962}
    - {x: -0.8913229, y: 0.345379, z: 0.29369497}
    - {x: -0.84732944, y: 0.38412422, z: 0.3667172}
    - {x: -0.8614641, y: 0.35751304, z: 0.36064404}
    - {x: -0.93675697, y: 0.253005, z: 0.24181598}
    - {x: -0.93331397, y: 0.31339496, z: -0.17523898}
    - {x: -0.19865002, y: -0.9794931, z: 0.0336375}
    - {x: -0.9274648, y: 0.34427992, z: 0.14587796}
    - {x: -0.5346741, y: -0.70703006, z: 0.46285203}
    - {x: -0.76459706, y: 0.23926501, z: 0.5984511}
    - {x: -0.749635, y: 0.187253, z: 0.63481}
    - {x: -0.98542583, y: 0.15306097, z: -0.07421689}
    - {x: -0.92107636, y: 0.36678815, z: -0.13070905}
    - {x: -0.8294122, y: 0.2868811, z: 0.47934815}
    - {x: -0.7774768, y: 0.2875219, z: 0.5593398}
    - {x: -0.9103289, y: 0.37420398, z: 0.176841}
    - {x: -0.9225606, y: 0.3756748, z: 0.08803585}
    - {x: -0.78991675, y: 0.6057298, z: 0.09551397}
    - {x: -0.92315584, y: 0.3663229, z: 0.11657998}
    - {x: -0.8488021, y: 0.31171307, z: 0.42704806}
    - {x: -0.5628692, y: 0.3729661, z: 0.73761415}
    - {x: -0.8068562, y: 0.4169501, z: 0.41849217}
    - {x: -0.9136269, y: 0.38885897, z: -0.11863598}
    - {x: -0.79917717, y: 0.5635691, z: -0.20905904}
    - {x: 0.015681898, y: -0.99871475, z: -0.048196483}
    - {x: 0.419175, y: -0.0547523, z: -0.906253}
    - {x: 0.10256906, y: 0.26610515, z: -0.95847154}
    - {x: 0.44354612, y: 0.17383204, z: -0.8792322}
    - {x: 0.121572025, y: 0.37754706, z: -0.9179752}
    - {x: 0.18008693, y: 0.10114597, z: -0.97843665}
    - {x: 0.39835083, y: 0.4169388, z: -0.81699365}
    - {x: 0.26381093, y: -0.39932492, z: -0.8780338}
    - {x: 0.41333, y: 0.47573704, z: -0.776423}
    - {x: 0.7898779, y: 0.4916639, z: -0.36655095}
    - {x: 0.77359515, y: 0.40804413, z: -0.48482013}
    - {x: 0.40408412, y: 0.45216715, z: -0.7951483}
    - {x: 0.3849018, y: 0.4222008, z: -0.82072955}
    - {x: 0.36481205, y: 0.3775771, z: -0.8510862}
    - {x: 0.52846587, y: 0.32663992, z: -0.7836008}
    - {x: 0.009837306, y: -0.99981767, z: -0.016369594}
    - {x: 0.5085071, y: 0.340983, z: -0.79066503}
    - {x: 0.15366697, y: -0.96164674, z: -0.22720493}
    - {x: 0.332257, y: 0.346758, z: -0.877134}
    - {x: 0.34891894, y: 0.40579993, z: -0.8447378}
    - {x: 0.39720705, y: 0.56218606, z: -0.7253781}
    - {x: 0.518571, y: 0.831823, z: -0.197875}
    - {x: 0.6248373, y: 0.73880833, z: -0.25246912}
    - {x: 0.68304116, y: 0.7275402, z: -0.06434382}
    - {x: 0.648486, y: 0.479692, z: -0.591068}
    - {x: 0.48102784, y: 0.59720284, z: -0.6418418}
    - {x: 0.56859195, y: 0.49012193, z: -0.66066897}
    - {x: 0.5515523, y: 0.56283826, z: -0.6156323}
    - {x: 0.55760616, y: 0.81167126, z: 0.17396905}
    - {x: 0.74496204, y: 0.61832106, z: 0.25042102}
    - {x: 0.5879673, y: 0.53068626, z: 0.6104643}
    - {x: 0.62345797, y: 0.74751794, z: 0.22916599}
    - {x: 0.63993734, y: 0.3611502, z: 0.67827034}
    - {x: 0.47394174, y: 0.84865445, z: -0.23487185}
    - {x: 0.6721609, y: 0.22076397, z: 0.70672697}
    - {x: 0.6735509, y: 0.6027779, z: -0.42777094}
    - {x: 0.5794929, y: 0.7987869, z: -0.16163997}
    - {x: 0.791113, y: 0.0696897, z: 0.607687}
    - {x: 0.04459018, y: -0.9977865, z: 0.04933248}
    - {x: 0.63643104, y: 0.25841203, z: 0.7267591}
    - {x: 0.013199207, y: -0.9998465, z: 0.011522806}
    - {x: 0.13204998, y: -0.040117998, z: 0.9904309}
    - {x: 0.5309069, y: 0.41409993, z: 0.7393639}
    - {x: 0.73966897, y: -0.13944198, z: 0.65836596}
    - {x: 0.76868266, y: 0.49424976, z: 0.40600982}
    - {x: 0.9277182, y: 0.33000708, z: 0.17445405}
    - {x: 0.7937452, y: 0.5445002, z: 0.27108708}
    - {x: 0.18663895, y: -0.98094577, z: 0.05395709}
    - {x: 0.93674433, y: 0.31677213, z: 0.14888106}
    - {x: 0.6490188, y: 0.7047588, z: 0.28651294}
    - {x: 0.61848783, y: 0.77737975, z: 0.11468897}
    - {x: 0.76445997, y: 0.6404399, z: -0.07374069}
    - {x: 0.8202341, y: 0.55787903, z: -0.12644003}
    - {x: 0.05797968, y: -0.9983177, z: -0.00044096485}
    - {x: 0.9116737, y: 0.40501386, z: -0.069387875}
    - {x: 0.781745, y: 0.572659, z: -0.246853}
    - {x: 0.6652964, y: 0.6494114, z: -0.36830118}
    - {x: 0.22484699, y: -0.96643794, z: -0.12426399}
    - {x: 0.09108295, y: -0.9929486, z: 0.07587456}
    - {x: 0.04459018, y: -0.9977865, z: 0.04933248}
    - {x: 0.6721609, y: 0.22076397, z: 0.70672697}
    - {x: 0.6854038, y: 0.21021993, z: 0.6971578}
    - {x: 0.8651389, y: 0.43111596, z: 0.25626898}
    - {x: 0.690111, y: 0.253826, z: 0.677731}
    - {x: 0.73896897, y: 0.52206594, z: 0.42587796}
    - {x: 0.67771506, y: 0.53755206, z: 0.50173706}
    - {x: 0.68659514, y: 0.28913307, z: 0.6670751}
    - {x: 0.7716388, y: 0.3989169, z: 0.4954179}
    - {x: 0.5879673, y: 0.53068626, z: 0.6104643}
    - {x: 0.74496204, y: 0.61832106, z: 0.25042102}
    - {x: 0.71476895, y: 0.35203597, z: 0.60429794}
    - {x: 0.89871764, y: 0.4384728, z: -0.006939737}
    - {x: 0.68304116, y: 0.7275402, z: -0.06434382}
    - {x: 0.74893457, y: 0.26555985, z: 0.60710365}
    - {x: 0.79282975, y: 0.40438488, z: 0.45595384}
    - {x: 0.8995886, y: 0.3766418, z: -0.2210909}
    - {x: 0.6248373, y: 0.73880833, z: -0.25246912}
    - {x: 0.7898779, y: 0.4916639, z: -0.36655095}
    - {x: 0.80703026, y: 0.44851214, z: -0.38410813}
    - {x: 0.717415, y: 0.22466499, z: -0.659425}
    - {x: 0.8467078, y: 0.4939529, z: -0.19772795}
    - {x: 0.39835083, y: 0.4169388, z: -0.81699365}
    - {x: 0.44354612, y: 0.17383204, z: -0.8792322}
    - {x: 0.9076426, y: 0.4154808, z: -0.05966998}
    - {x: 0.52760005, y: 0.16830201, z: -0.83265406}
    - {x: 0.419175, y: -0.0547523, z: -0.906253}
    - {x: 0.5429622, y: 0.2883141, z: -0.78871226}
    - {x: 0.82452965, y: 0.44307083, z: 0.35190785}
    - {x: 0.8312461, y: 0.55590403, z: 0.00087611604}
    - {x: 0.73957515, y: 0.38536707, z: 0.5518341}
    - {x: 0.7862338, y: 0.5676398, z: 0.24417493}
    - {x: 0.78759885, y: 0.6147759, z: -0.04169799}
    - {x: 0.87587434, y: 0.31168616, z: 0.3683692}
    - {x: 0.98382205, y: 0.17877902, z: -0.011497601}
    - {x: 0.7723498, y: 0.3115369, z: 0.5535528}
    - {x: 0.8015944, y: 0.5371642, z: -0.26249012}
    - {x: 0.92787594, y: 0.36280596, z: -0.08612799}
    - {x: 0.88968325, y: 0.4094771, z: -0.20197105}
    - {x: 0.8811667, y: 0.43563184, z: -0.18376695}
    - {x: 0.7480099, y: 0.45784193, z: -0.48048097}
    - {x: 0.819903, y: 0.309186, z: -0.481833}
    - {x: 0.39150476, y: 0.48630768, z: -0.78117144}
    - {x: 0.52967185, y: 0.17026994, z: -0.83093673}
    - {x: 0.36128786, y: 0.2580669, z: -0.89603156}
    - {x: 0.36715984, y: 0.3572209, z: -0.8588287}
    - {x: 0.382251, y: 0.406554, z: -0.829818}
    - {x: 0.18667907, y: 0.40125108, z: -0.89674324}
    - {x: 0.37325296, y: 0.25399497, z: -0.89228284}
    - {x: 0.7458438, y: 0.49947286, z: -0.4407309}
    - {x: 0.5747439, y: 0.42418796, z: -0.69980997}
    - {x: 0.44853318, y: 0.33688512, z: -0.8278443}
    - {x: 0.38122618, y: 0.2661561, z: -0.8853404}
    - {x: -0.020862695, y: 0.3711669, z: -0.92833173}
    - {x: 0.496456, y: 0.082527, z: -0.86413}
    - {x: 0.3298289, y: 0.06254447, z: -0.9419666}
    - {x: -0.034627292, y: 0.14731798, z: -0.9884828}
    - {x: -0.02915859, y: 0.024573693, z: -0.9992727}
    - {x: 0.43775994, y: 0.29412395, z: -0.84962183}
    - {x: 0.42668408, y: 0.119739026, z: -0.8964392}
    - {x: 0.4001902, y: 0.28386116, z: -0.87136143}
    - {x: 0.35452512, y: 0.2831181, z: -0.8911543}
    - {x: 0.396141, y: -0.250152, z: -0.883457}
    - {x: 0.015681898, y: -0.99871475, z: -0.048196483}
    - {x: 0.0070605436, y: -0.99155456, z: -0.12949808}
    - {x: 0.3356888, y: 0.28010082, z: -0.8993645}
    - {x: 0.31647706, y: 0.063788205, z: -0.9464531}
    - {x: 0.10378503, y: 0.13289504, z: -0.9856813}
    - {x: 0.05509112, y: -0.37974516, z: -0.92344934}
    - {x: -0.015237204, y: -0.21657905, z: -0.9761462}
    - {x: -0.04743788, y: -0.4621738, z: -0.8855196}
    - {x: -0.053770192, y: 0.32854393, z: -0.9429568}
    - {x: -0.13258803, y: -0.10624802, z: -0.9854602}
    - {x: -0.20747806, y: 0.069898315, z: -0.97573924}
    - {x: -0.11743496, y: -0.07894587, z: -0.98993766}
    - {x: -0.020226585, y: -0.46223167, z: -0.88652843}
    - {x: 0.0017012894, y: -0.99992967, z: -0.011740095}
    - {x: 0.150247, y: 0.040074095, z: -0.98783594}
    - {x: 0.15093592, y: -0.29688385, z: -0.94290954}
    - {x: 0.045303017, y: -0.15456507, z: -0.98694336}
    - {x: 0.003132549, y: -0.9998097, z: -0.019255895}
    - {x: 0.038060997, y: 0.19094796, z: -0.98086196}
    - {x: 0.26201293, y: -0.19662894, z: -0.94482076}
    - {x: -0.8817452, y: 0.40168613, z: 0.24733308}
    - {x: -0.50283915, y: 0.75133723, z: 0.42737013}
    - {x: -0.38579503, y: 0.5873691, z: 0.711449}
    - {x: -0.7975948, y: 0.59827983, z: 0.076836176}
    - {x: -0.86191577, y: 0.49213287, z: 0.122091964}
    - {x: -0.8707453, y: 0.47434315, z: -0.12961905}
    - {x: -0.81968534, y: 0.5440592, z: -0.17920807}
    - {x: -0.49979597, y: 0.7505959, z: 0.43221498}
    - {x: -0.8579068, y: 0.45549792, z: -0.23773396}
    - {x: -0.88863945, y: 0.3661722, z: -0.27611214}
    - {x: -0.6643481, y: 0.7449351, z: -0.06093711}
    - {x: -0.2322041, y: 0.9554864, z: 0.18200809}
    - {x: -0.8289743, y: 0.43558216, z: -0.35081312}
    - {x: -0.42585206, y: 0.35016203, z: -0.83428806}
    - {x: -0.5588153, y: 0.81102943, z: -0.17308009}
    - {x: -0.15524396, y: 0.9683948, z: -0.19521995}
    - {x: -0.307493, y: 0.680939, z: -0.664658}
    - {x: -0.0361128, y: 0.99172604, z: -0.123188004}
    - {x: -0.014355504, y: 0.98510927, z: 0.17132907}
    - {x: -0.76080227, y: 0.42829618, z: -0.48758817}
    - {x: -0.33647203, y: 0.40196303, z: -0.85159403}
    - {x: 0.06879506, y: 0.92672855, z: -0.36937982}
    - {x: 0.308099, y: 0.935129, z: 0.174954}
    - {x: 0.35982502, y: 0.8719941, z: -0.33189204}
    - {x: 0.04701889, y: 0.7225108, z: -0.68975884}
    - {x: 0.2960051, y: 0.90967226, z: -0.29133707}
    - {x: 0.3380801, y: 0.92965233, z: -0.14645304}
    - {x: -0.36975613, y: 0.24449809, z: -0.8963823}
    - {x: -0.3785132, y: 0.17456108, z: -0.9089864}
    - {x: -0.18799005, y: 0.14816207, z: -0.97093135}
    - {x: 0.08314152, y: 0.9838653, z: -0.15841904}
    - {x: 0.25149596, y: 0.9110089, z: -0.32682195}
    - {x: 0.21094902, y: 0.94601804, z: -0.24607001}
    - {x: 0.12739503, y: 0.9916863, z: -0.018129906}
    - {x: 0.36554182, y: 0.9238496, z: -0.11349495}
    - {x: 0.42568517, y: 0.9007534, z: -0.08622933}
    - {x: 0.34985995, y: 0.9056568, z: 0.23954895}
    - {x: 0.31467688, y: 0.9014437, z: 0.2972839}
    - {x: 0.6839311, y: 0.6074301, z: 0.40406308}
    - {x: 0.7161767, y: 0.5401708, z: 0.44193482}
    - {x: 0.7804122, y: 0.43762308, z: 0.4465901}
    - {x: 0.29929703, y: 0.8769951, z: -0.37590003}
    - {x: 0.7246037, y: 0.39243883, z: 0.56651676}
    - {x: 0.84115064, y: 0.27972287, z: 0.46283978}
    - {x: 0.4555288, y: 0.7888476, z: -0.4125688}
    - {x: 0.8550956, y: 0.39196783, z: 0.33937088}
    - {x: 0.4309989, y: 0.7746908, z: -0.46270287}
    - {x: 0.44824997, y: 0.565841, z: -0.692023}
    - {x: 0.3354219, y: 0.6078177, z: -0.7197567}
    - {x: -0.10587501, y: 0.56064606, z: -0.8212591}
    - {x: -0.0742265, y: 0.43596599, z: -0.89689696}
    - {x: 0.3627689, y: 0.4449078, z: -0.8188137}
    - {x: 0.11545301, y: 0.34949404, z: -0.9297981}
    - {x: 0.36300805, y: 0.34473205, z: -0.86567014}
    - {x: 0.43799296, y: 0.442291, z: -0.78264993}
    - {x: 0.45001596, y: 0.19639099, z: -0.87115794}
    - {x: 0.35146612, y: 0.12835304, z: -0.9273603}
    - {x: -0.06252403, y: 0.07890534, z: -0.9949194}
    - {x: 0.3298289, y: 0.06254447, z: -0.9419666}
    - {x: 0.496456, y: 0.082527, z: -0.86413}
    - {x: 0.37325296, y: 0.25399497, z: -0.89228284}
    - {x: 0.36128786, y: 0.2580669, z: -0.89603156}
    - {x: 0.34052715, y: 0.44390318, z: -0.8288494}
    - {x: 0.445366, y: 0.188491, z: -0.875283}
    - {x: 0.52967185, y: 0.17026994, z: -0.83093673}
    - {x: 0.42862877, y: 0.48648572, z: -0.7613206}
    - {x: 0.53473574, y: 0.39138782, z: -0.7489147}
    - {x: 0.819903, y: 0.309186, z: -0.481833}
    - {x: 0.45763466, y: 0.5913986, z: -0.6639415}
    - {x: 0.38935617, y: 0.7585723, z: -0.52246517}
    - {x: 0.43418524, y: 0.8248105, z: -0.3621752}
    - {x: 0.4687679, y: 0.7008359, z: -0.53766686}
    - {x: 0.5701, y: 0.543954, z: -0.615711}
    - {x: 0.8002788, y: 0.41334084, z: -0.43439987}
    - {x: 0.7652027, y: 0.5453638, z: -0.34211588}
    - {x: 0.6630143, y: 0.74229634, z: -0.09699595}
    - {x: 0.915812, y: 0.299997, z: -0.267002}
    - {x: 0.88968325, y: 0.4094771, z: -0.20197105}
    - {x: 0.98382205, y: 0.17877902, z: -0.011497601}
    - {x: 0.8394406, y: 0.50254273, z: -0.2068579}
    - {x: 0.81088656, y: 0.5848567, z: 0.020137988}
    - {x: 0.94932693, y: 0.292726, z: -0.11441099}
    - {x: 0.86931896, y: 0.49287993, z: -0.0367963}
    - {x: 0.93235195, y: 0.24117899, z: 0.26935598}
    - {x: 0.9016847, y: 0.10055797, z: 0.42053887}
    - {x: 0.87587434, y: 0.31168616, z: 0.3683692}
    - {x: -0.23169, y: -0.159245, z: -0.959667}
    - {x: 0.14806995, y: 0.24397194, z: -0.95841175}
    - {x: -0.2890149, y: 0.53222984, z: -0.79573977}
    - {x: -0.16780394, y: 0.69620574, z: -0.69795376}
    - {x: 0.23528703, y: 0.71330106, z: -0.6601831}
    - {x: 0.509544, y: 0.38315004, z: -0.7704291}
    - {x: -0.20627199, y: 0.31912097, z: -0.92499393}
    - {x: -0.3747762, y: -0.6168994, z: -0.6920824}
    - {x: 0.094334714, y: 0.25931302, z: -0.96117514}
    - {x: 0.37972218, y: 0.20115308, z: -0.90296644}
    - {x: 0.28703392, y: 0.4877608, z: -0.82443976}
    - {x: 0.27599293, y: 0.23182794, z: -0.93278277}
    - {x: -0.283878, y: 0.333083, z: -0.899149}
    - {x: -0.30904394, y: 0.37237892, z: -0.8751148}
    - {x: -0.32431716, y: 0.36400318, z: -0.8731094}
    - {x: -0.39195, y: 0.383322, z: -0.836325}
    - {x: -0.31853887, y: 0.3852778, z: -0.8660796}
    - {x: -0.58936006, y: 0.38748404, z: -0.70888007}
    - {x: -0.5708531, y: 0.4230111, z: -0.7036962}
    - {x: -0.755983, y: 0.19441798, z: -0.625053}
    - {x: -0.85915816, y: 0.25537106, z: -0.44343308}
    - {x: -0.81094944, y: 0.3209508, z: -0.48923567}
    - {x: -0.79333574, y: 0.37727088, z: -0.47779188}
    - {x: -0.5502151, y: 0.42541313, z: -0.7185312}
    - {x: -0.35959804, y: 0.38787904, z: -0.84866905}
    - {x: -0.4365258, y: 0.7861636, z: -0.43748382}
    - {x: 0.008686989, y: 0.60202897, z: -0.7984269}
    - {x: -0.7662897, y: 0.44275683, z: -0.46558186}
    - {x: -0.8893396, y: 0.31686488, z: -0.32965386}
    - {x: -0.8546071, y: 0.40471405, z: -0.32535106}
    - {x: -0.85230327, y: 0.3464111, z: -0.3918911}
    - {x: -0.0226905, y: -0.99966, z: -0.0128464}
    - {x: -0.83774406, y: 0.22680402, z: -0.49673405}
    - {x: -0.88091314, y: 0.37607107, z: -0.28733703}
    - {x: -0.6856909, y: -0.7084539, z: -0.16709597}
    - {x: -0.92596054, y: -0.35221222, z: 0.1361751}
    - {x: -0.88848144, y: 0.4589122, z: -0.00060075027}
    - {x: -0.9237406, y: -0.2855029, z: -0.2553259}
    - {x: -0.83039165, y: 0.4994458, z: -0.2469889}
    - {x: -0.73417807, y: 0.37837604, z: 0.5637501}
    - {x: -0.5104002, y: -0.08691674, z: 0.8555333}
    - {x: -0.9387447, y: 0.2624309, z: -0.22335693}
    - {x: -0.9439315, y: 0.2005579, z: 0.26223987}
    - {x: -0.8369041, y: 0.055835713, z: 0.5444941}
    - {x: -0.37907007, y: -0.89210314, z: 0.24588203}
    - {x: -0.9096378, y: 0.095659986, z: 0.4042379}
    - {x: -0.95842487, y: 0.17083398, z: 0.22855496}
    - {x: -0.14355703, y: -0.98789716, z: 0.05874151}
    - {x: -0.949685, y: 0.251988, z: 0.186012}
    - {x: -0.92378604, y: 0.340419, z: -0.17531201}
    - {x: -0.95015234, y: 0.11744604, z: 0.28882012}
    - {x: -0.9056159, y: 0.42342797, z: 0.023846798}
    - {x: -0.7761223, y: 0.6133152, z: -0.14655606}
    - {x: -0.9593854, y: 0.11947993, z: 0.25554684}
    - {x: -0.9166778, y: 0.28576595, z: 0.27935594}
    - {x: -0.9059181, y: 0.12508002, z: 0.40455806}
    - {x: -0.90151906, y: 0.17079602, z: 0.39760804}
    - {x: -0.9053999, y: 0.09388989, z: 0.41404796}
    - {x: -0.79909307, y: 0.11141801, z: 0.5907931}
    - {x: -0.8959679, y: 0.07750949, z: 0.43730295}
    - {x: -0.74435604, y: -0.46723005, z: 0.47710603}
    - {x: -0.81507367, y: -0.10094895, z: 0.5704948}
    - {x: -0.76180726, y: -0.11674005, z: 0.6371982}
    - {x: -0.5346741, y: -0.70703006, z: 0.46285203}
    - {x: -0.8856418, y: 0.33301693, z: 0.32363293}
    - {x: -0.84857196, y: 0.45399597, z: 0.271686}
    - {x: -0.6051191, y: 0.7828201, z: 0.14499503}
    - {x: -0.71598476, y: 0.05272768, z: 0.69612175}
    - {x: -0.7816436, y: 0.057071976, z: 0.6211087}
    - {x: -0.545365, y: 0.0854462, z: 0.833832}
    - {x: -0.76459706, y: 0.23926501, z: 0.5984511}
    - {x: -0.55655104, y: -0.13426901, z: 0.81989205}
    - {x: -0.749635, y: 0.187253, z: 0.63481}
    - {x: -0.51444906, y: 0.11680101, z: 0.8495291}
    - {x: -0.7774768, y: 0.2875219, z: 0.5593398}
    - {x: -0.5628692, y: 0.3729661, z: 0.73761415}
    - {x: -0.7948902, y: 0.046311315, z: 0.60498315}
    - {x: -0.14945099, y: 0.478516, z: 0.8652669}
    - {x: -0.8068562, y: 0.4169501, z: 0.41849217}
    - {x: -0.23498306, y: 0.5522421, z: 0.79988223}
    - {x: -0.38579503, y: 0.5873691, z: 0.711449}
    - {x: -0.73423517, y: 0.41697413, z: 0.53575313}
    - {x: -0.66828287, y: 0.26485693, z: 0.69516087}
    - {x: -0.5103508, y: 0.44637084, z: 0.73504776}
    - {x: -0.42638806, y: 0.6240141, z: 0.6548281}
    - {x: -0.7855682, y: 0.35158807, z: 0.5091841}
    - {x: -0.43892902, y: 0.534461, z: 0.722283}
    - {x: -0.8007171, y: 0.4348721, z: 0.4119931}
    - {x: -0.43846798, y: 0.46755895, z: 0.76755095}
    - {x: -0.672968, y: 0.639093, z: 0.37239}
    - {x: -0.26233605, y: 0.62978214, z: 0.73113215}
    - {x: -0.31392288, y: 0.8302327, z: 0.46061486}
    - {x: -0.50283915, y: 0.75133723, z: 0.42737013}
    - {x: -0.37458387, y: 0.9167008, z: 0.13909197}
    - {x: -0.7975948, y: 0.59827983, z: 0.076836176}
    - {x: -0.81968534, y: 0.5440592, z: -0.17920807}
    - {x: -0.587698, y: 0.707338, z: 0.39279}
    - {x: -0.46392208, y: 0.8740622, z: 0.14419302}
    - {x: -0.23874007, y: 0.9526243, z: -0.18844105}
    - {x: -0.10943396, y: 0.9273606, z: -0.35780784}
    - {x: -0.58330595, y: 0.72310394, z: -0.36996597}
    - {x: -0.88863945, y: 0.3661722, z: -0.27611214}
    - {x: -0.19628504, y: 0.8104082, z: -0.5520061}
    - {x: -0.42585206, y: 0.35016203, z: -0.83428806}
    - {x: 0.0655646, y: 0.19584802, z: -0.97844005}
    - {x: -0.022599092, y: 0.09032736, z: -0.99565566}
    - {x: -0.3786401, y: 0.13574702, z: -0.91553515}
    - {x: -0.3785132, y: 0.17456108, z: -0.9089864}
    - {x: -0.3287339, y: 0.09274397, z: -0.9398577}
    - {x: -0.18799005, y: 0.14816207, z: -0.97093135}
    - {x: -0.296249, y: 0.060051903, z: -0.953221}
    - {x: -0.31354696, y: 0.062526494, z: -0.9475119}
    - {x: -0.06252403, y: 0.07890534, z: -0.9949194}
    - {x: -0.32127094, y: 0.11314398, z: -0.94020385}
    - {x: -0.053074885, y: 0.9534987, z: -0.29668692}
    - {x: -0.31719807, y: 0.09302072, z: -0.94378626}
    - {x: -0.3715769, y: 0.13066097, z: -0.91916174}
    - {x: -0.061989706, y: 0.6897971, z: -0.7213441}
    - {x: -0.21861489, y: 0.11636995, z: -0.9688476}
    - {x: -0.31654093, y: 0.11571198, z: -0.9414948}
    - {x: -0.20230395, y: 0.06903268, z: -0.9768867}
    - {x: 0.3298289, y: 0.06254447, z: -0.9419666}
    - {x: 0.038060997, y: 0.19094796, z: -0.98086196}
    - {x: -0.02915859, y: 0.024573693, z: -0.9992727}
    - {x: 0.14395902, y: 0.23327303, z: 0.96169615}
    - {x: 0.49347496, y: 0.34764796, z: 0.7972599}
    - {x: 0.4145912, y: 0.25290912, z: 0.87415737}
    - {x: 0.8212578, y: 0.25303796, z: 0.51137793}
    - {x: 0.2202409, y: 0.024661392, z: 0.97513366}
    - {x: 0.18810897, y: 0.11773499, z: 0.9750659}
    - {x: 0.81037503, y: 0.27897704, z: 0.515232}
    - {x: 0.88680935, y: 0.23769811, z: 0.39631915}
    - {x: 0.72358984, y: 0.16408995, z: 0.6704418}
    - {x: 0.88479006, y: 0.183761, z: 0.42822704}
    - {x: 0.8670093, y: 0.2697961, z: 0.41893315}
    - {x: 0.7021188, y: 0.39103287, z: 0.5950818}
    - {x: 0.34520307, y: -0.12987001, z: 0.92949915}
    - {x: 0.5182871, y: -0.13121705, z: 0.84508026}
    - {x: 0.860417, y: 0.0994662, z: 0.49978903}
    - {x: 0.69367325, y: 0.2705861, z: 0.6675332}
    - {x: 0.66836816, y: 0.37276608, z: 0.6436842}
    - {x: 0.5663919, y: 0.07883418, z: 0.82035685}
    - {x: 0.43348503, y: 0.15536402, z: 0.88766706}
    - {x: 0.67524403, y: 0.265242, z: 0.688253}
    - {x: 0.7852678, y: 0.6129778, z: 0.08725107}
    - {x: 0.41165012, y: 0.91133624, z: 0.003234261}
    - {x: 0.46689096, y: 0.24758899, z: 0.84894794}
    - {x: 0.3926078, y: 0.9073336, z: 0.15034895}
    - {x: 0.6553197, y: 0.2062609, z: 0.7266447}
    - {x: 0.4653619, y: 0.2644189, z: 0.84470177}
    - {x: 0.84035176, y: 0.16500896, z: 0.51631486}
    - {x: -0.03019821, y: -0.9959984, z: 0.08411443}
    - {x: 0.31762996, y: -0.73767596, z: 0.5957729}
    - {x: -0.20194106, y: -0.24607207, z: 0.94798124}
    - {x: -0.53397876, y: -0.4057238, z: 0.7417917}
    - {x: -0.67076904, y: -0.24178001, z: 0.70115006}
    - {x: -0.25748706, y: -0.88312423, z: 0.39216313}
    - {x: -0.3994819, y: -0.09622817, z: 0.9116767}
    - {x: -0.5537763, y: 0.16964708, z: 0.8152003}
    - {x: -0.7523793, y: -0.11971104, z: 0.6477613}
--- !u!114 &5628763639047947050
MonoBehaviour:
  m_ObjectHideFlags: 0
  m_CorrespondingSourceObject: {fileID: 0}
  m_PrefabInstance: {fileID: 0}
  m_PrefabAsset: {fileID: 0}
  m_GameObject: {fileID: 7647480831592709537}
  m_Enabled: 1
  m_EditorHideFlags: 0
  m_Script: {fileID: 11500000, guid: a310c7fb508159a47bb590bd4969e0bd, type: 3}
  m_Name: 
  m_EditorClassIdentifier: 
  resource: {fileID: 11400000, guid: 7cbb96e24ee32264f812667aeee08162, type: 2}
  life: 0
  lifeMax: 50
  nameTrans: {fileID: 4473268310303835958}
  manager: {fileID: 0}
  audioSource: {fileID: 4818253552294546783}
  treeShake: {fileID: 8300000, guid: 093fb30a1679b06478064b8131596991, type: 3}
--- !u!82 &4818253552294546783
AudioSource:
  m_ObjectHideFlags: 0
  m_CorrespondingSourceObject: {fileID: 0}
  m_PrefabInstance: {fileID: 0}
  m_PrefabAsset: {fileID: 0}
  m_GameObject: {fileID: 7647480831592709537}
  m_Enabled: 1
  serializedVersion: 4
  OutputAudioMixerGroup: {fileID: 0}
  m_audioClip: {fileID: 0}
  m_PlayOnAwake: 1
  m_Volume: 1
  m_Pitch: 1
  Loop: 0
  Mute: 0
  Spatialize: 0
  SpatializePostEffects: 0
  Priority: 128
  DopplerLevel: 1
  MinDistance: 1
  MaxDistance: 500
  Pan2D: 0
  rolloffMode: 0
  BypassEffects: 0
  BypassListenerEffects: 0
  BypassReverbZones: 0
  rolloffCustomCurve:
    serializedVersion: 2
    m_Curve:
    - serializedVersion: 3
      time: 0
      value: 1
      inSlope: 0
      outSlope: 0
      tangentMode: 0
      weightedMode: 0
      inWeight: 0.33333334
      outWeight: 0.33333334
    - serializedVersion: 3
      time: 1
      value: 0
      inSlope: 0
      outSlope: 0
      tangentMode: 0
      weightedMode: 0
      inWeight: 0.33333334
      outWeight: 0.33333334
    m_PreInfinity: 2
    m_PostInfinity: 2
    m_RotationOrder: 4
  panLevelCustomCurve:
    serializedVersion: 2
    m_Curve:
    - serializedVersion: 3
      time: 0
      value: 0
      inSlope: 0
      outSlope: 0
      tangentMode: 0
      weightedMode: 0
      inWeight: 0.33333334
      outWeight: 0.33333334
    m_PreInfinity: 2
    m_PostInfinity: 2
    m_RotationOrder: 4
  spreadCustomCurve:
    serializedVersion: 2
    m_Curve:
    - serializedVersion: 3
      time: 0
      value: 0
      inSlope: 0
      outSlope: 0
      tangentMode: 0
      weightedMode: 0
      inWeight: 0.33333334
      outWeight: 0.33333334
    m_PreInfinity: 2
    m_PostInfinity: 2
    m_RotationOrder: 4
  reverbZoneMixCustomCurve:
    serializedVersion: 2
    m_Curve:
    - serializedVersion: 3
      time: 0
      value: 1
      inSlope: 0
      outSlope: 0
      tangentMode: 0
      weightedMode: 0
      inWeight: 0.33333334
      outWeight: 0.33333334
    m_PreInfinity: 2
    m_PostInfinity: 2
    m_RotationOrder: 4
--- !u!1001 &2784519867595532951
PrefabInstance:
  m_ObjectHideFlags: 0
  serializedVersion: 2
  m_Modification:
    m_TransformParent: {fileID: 7647480831592709539}
    m_Modifications:
    - target: {fileID: 100000, guid: 768be665aba8b4e4aae7a973ae9616cf, type: 3}
      propertyPath: m_Name
      value: Stump_01
      objectReference: {fileID: 0}
    - target: {fileID: 100000, guid: 768be665aba8b4e4aae7a973ae9616cf, type: 3}
      propertyPath: m_Layer
      value: 12
      objectReference: {fileID: 0}
    - target: {fileID: 400000, guid: 768be665aba8b4e4aae7a973ae9616cf, type: 3}
      propertyPath: m_LocalPosition.x
      value: 0
      objectReference: {fileID: 0}
    - target: {fileID: 400000, guid: 768be665aba8b4e4aae7a973ae9616cf, type: 3}
      propertyPath: m_LocalPosition.y
      value: 0
      objectReference: {fileID: 0}
    - target: {fileID: 400000, guid: 768be665aba8b4e4aae7a973ae9616cf, type: 3}
      propertyPath: m_LocalPosition.z
      value: 0
      objectReference: {fileID: 0}
    - target: {fileID: 400000, guid: 768be665aba8b4e4aae7a973ae9616cf, type: 3}
      propertyPath: m_LocalRotation.x
      value: 0
      objectReference: {fileID: 0}
    - target: {fileID: 400000, guid: 768be665aba8b4e4aae7a973ae9616cf, type: 3}
      propertyPath: m_LocalRotation.y
      value: 0
      objectReference: {fileID: 0}
    - target: {fileID: 400000, guid: 768be665aba8b4e4aae7a973ae9616cf, type: 3}
      propertyPath: m_LocalRotation.z
      value: 0
      objectReference: {fileID: 0}
    - target: {fileID: 400000, guid: 768be665aba8b4e4aae7a973ae9616cf, type: 3}
      propertyPath: m_LocalRotation.w
      value: 1
      objectReference: {fileID: 0}
    - target: {fileID: 400000, guid: 768be665aba8b4e4aae7a973ae9616cf, type: 3}
      propertyPath: m_RootOrder
      value: 0
      objectReference: {fileID: 0}
    - target: {fileID: 400000, guid: 768be665aba8b4e4aae7a973ae9616cf, type: 3}
      propertyPath: m_LocalEulerAnglesHint.x
      value: 0
      objectReference: {fileID: 0}
    - target: {fileID: 400000, guid: 768be665aba8b4e4aae7a973ae9616cf, type: 3}
      propertyPath: m_LocalEulerAnglesHint.y
      value: 0
      objectReference: {fileID: 0}
    - target: {fileID: 400000, guid: 768be665aba8b4e4aae7a973ae9616cf, type: 3}
      propertyPath: m_LocalEulerAnglesHint.z
      value: 0
      objectReference: {fileID: 0}
    - target: {fileID: 2300000, guid: 768be665aba8b4e4aae7a973ae9616cf, type: 3}
      propertyPath: m_Materials.Array.data[0]
      value: 
      objectReference: {fileID: 2100000, guid: 0761f2facec4d3f48a3838a2b9c58555, type: 2}
    m_RemovedComponents: []
  m_SourcePrefab: {fileID: 100100000, guid: 768be665aba8b4e4aae7a973ae9616cf, type: 3}
--- !u!4 &2784519867595403287 stripped
Transform:
  m_CorrespondingSourceObject: {fileID: 400000, guid: 768be665aba8b4e4aae7a973ae9616cf,
    type: 3}
  m_PrefabInstance: {fileID: 2784519867595532951}
  m_PrefabAsset: {fileID: 0}
