%YAML 1.1
%TAG !u! tag:unity3d.com,2011:
--- !u!1 &2383114405902959993
GameObject:
  m_ObjectHideFlags: 0
  m_CorrespondingSourceObject: {fileID: 0}
  m_PrefabInstance: {fileID: 0}
  m_PrefabAsset: {fileID: 0}
  serializedVersion: 6
  m_Component:
  - component: {fileID: 3051563962803298243}
  - component: {fileID: 2159070116217163878}
  - component: {fileID: 4184540719808636076}
  - component: {fileID: 3302242696869883765}
  - component: {fileID: 3302242696869883770}
  - component: {fileID: 3302242696869883768}
  - component: {fileID: 3302242696869883771}
  m_Layer: 10
  m_Name: Sandia
  m_TagString: Item
  m_Icon: {fileID: 0}
  m_NavMeshLayer: 0
  m_StaticEditorFlags: 0
  m_IsActive: 1
--- !u!4 &3051563962803298243
Transform:
  m_ObjectHideFlags: 0
  m_CorrespondingSourceObject: {fileID: 0}
  m_PrefabInstance: {fileID: 0}
  m_PrefabAsset: {fileID: 0}
  m_GameObject: {fileID: 2383114405902959993}
  m_LocalRotation: {x: 0, y: 0, z: 0, w: 1}
  m_LocalPosition: {x: 4.7274, y: 1.345201, z: 12.395}
  m_LocalScale: {x: 1, y: 1, z: 1}
  m_Children:
  - {fileID: 3302242697780963573}
  - {fileID: 3302242697331011548}
  m_Father: {fileID: 0}
  m_RootOrder: 0
  m_LocalEulerAnglesHint: {x: 0, y: 0, z: 0}
--- !u!33 &2159070116217163878
MeshFilter:
  m_ObjectHideFlags: 0
  m_CorrespondingSourceObject: {fileID: 0}
  m_PrefabInstance: {fileID: 0}
  m_PrefabAsset: {fileID: 0}
  m_GameObject: {fileID: 2383114405902959993}
  m_Mesh: {fileID: -472147775963580301, guid: bffe552b227620c46ae0a2bba872be38, type: 3}
--- !u!23 &4184540719808636076
MeshRenderer:
  m_ObjectHideFlags: 0
  m_CorrespondingSourceObject: {fileID: 0}
  m_PrefabInstance: {fileID: 0}
  m_PrefabAsset: {fileID: 0}
  m_GameObject: {fileID: 2383114405902959993}
  m_Enabled: 1
  m_CastShadows: 1
  m_ReceiveShadows: 1
  m_DynamicOccludee: 1
  m_MotionVectors: 1
  m_LightProbeUsage: 1
  m_ReflectionProbeUsage: 1
  m_RayTracingMode: 2
  m_RenderingLayerMask: 1
  m_RendererPriority: 0
  m_Materials:
  - {fileID: 2100000, guid: 5acbedefd5779dc428c3c15f7263b8c6, type: 2}
  m_StaticBatchInfo:
    firstSubMesh: 0
    subMeshCount: 0
  m_StaticBatchRoot: {fileID: 0}
  m_ProbeAnchor: {fileID: 0}
  m_LightProbeVolumeOverride: {fileID: 0}
  m_ScaleInLightmap: 1
  m_ReceiveGI: 1
  m_PreserveUVs: 0
  m_IgnoreNormalsForChartDetection: 0
  m_ImportantGI: 0
  m_StitchLightmapSeams: 1
  m_SelectedEditorRenderState: 3
  m_MinimumChartSize: 4
  m_AutoUVMaxDistance: 0.5
  m_AutoUVMaxAngle: 89
  m_LightmapParameters: {fileID: 0}
  m_SortingLayerID: 0
  m_SortingLayer: 0
  m_SortingOrder: 0
--- !u!54 &3302242696869883765
Rigidbody:
  m_ObjectHideFlags: 0
  m_CorrespondingSourceObject: {fileID: 0}
  m_PrefabInstance: {fileID: 0}
  m_PrefabAsset: {fileID: 0}
  m_GameObject: {fileID: 2383114405902959993}
  serializedVersion: 2
  m_Mass: 1
  m_Drag: 0
  m_AngularDrag: 0.05
  m_UseGravity: 1
  m_IsKinematic: 0
  m_Interpolate: 0
  m_Constraints: 0
  m_CollisionDetection: 0
--- !u!135 &3302242696869883770
SphereCollider:
  m_ObjectHideFlags: 0
  m_CorrespondingSourceObject: {fileID: 0}
  m_PrefabInstance: {fileID: 0}
  m_PrefabAsset: {fileID: 0}
  m_GameObject: {fileID: 2383114405902959993}
  m_Material: {fileID: 0}
  m_IsTrigger: 0
  m_Enabled: 1
  serializedVersion: 2
  m_Radius: 0.3817015
  m_Center: {x: 0, y: 0.004253909, z: 1.759711e-17}
--- !u!114 &3302242696869883768
MonoBehaviour:
  m_ObjectHideFlags: 0
  m_CorrespondingSourceObject: {fileID: 0}
  m_PrefabInstance: {fileID: 0}
  m_PrefabAsset: {fileID: 0}
  m_GameObject: {fileID: 2383114405902959993}
  m_Enabled: 0
  m_EditorHideFlags: 0
  m_Script: {fileID: 11500000, guid: 5fea29bb7c508c244a1f805a5fd3fc4d, type: 3}
  m_Name: 
  m_EditorClassIdentifier: 
  outlineMode: 3
  outlineColor: {r: 0.16735196, g: 1, b: 0, a: 1}
  outlineWidth: 3.57
  precomputeOutline: 1
  bakeKeys:
  - {fileID: -472147775963580301, guid: bffe552b227620c46ae0a2bba872be38, type: 3}
  bakeValues:
  - data:
    - {x: -0.71475536, y: -0.05836184, z: -0.6969353}
    - {x: -0.998152, y: -0.06076622, z: -0.00000051639836}
    - {x: -0.98107237, y: -0.19364157, z: 0}
    - {x: -0.6733867, y: -0.15488605, z: -0.7228836}
    - {x: -0.01219803, y: -0.051205065, z: -0.9986137}
    - {x: -0.6225745, y: -0.32686403, z: -0.711028}
    - {x: -0.8996481, y: -0.43661582, z: -0.00000037949218}
    - {x: 0.041725107, y: -0.06235722, z: -0.9971814}
    - {x: 0.7032725, y: -0.042189907, z: -0.7096674}
    - {x: -0.52249557, y: -0.47976434, z: -0.7048579}
    - {x: -0.75631815, y: -0.654204, z: -0.0000003968124}
    - {x: -0.64560443, y: -0.763672, z: -0.00000034588956}
    - {x: 0.057315137, y: -0.040566847, z: -0.99753153}
    - {x: 0.7234551, y: 0.029769285, z: -0.6897292}
    - {x: 0.9992799, y: -0.037943594, z: 0}
    - {x: 0.06468275, y: -0.020011727, z: -0.9977053}
    - {x: -0.45718566, y: -0.5598446, z: -0.69105387}
    - {x: -0.64546543, y: -0.7637895, z: -0.00000046946658}
    - {x: 0.6964516, y: 0.23510967, z: -0.6779959}
    - {x: 0.9976827, y: 0.068038546, z: 0}
    - {x: 0.7032726, y: -0.04218961, z: 0.70966727}
    - {x: 0.6068186, y: 0.4299942, z: -0.668488}
    - {x: 0.8026986, y: 0.59638494, z: -0.00000043779949}
    - {x: 0.94083023, y: 0.33887824, z: 0}
    - {x: 0.0453712, y: -0.029712526, z: -0.99852824}
    - {x: -0.45261866, y: -0.5551324, z: -0.6978283}
    - {x: -0.9516085, y: -0.3073129, z: 0}
    - {x: -0.83017796, y: -0.13621846, z: -0.5406008}
    - {x: 0.047309663, y: -0.027443659, z: -0.9985032}
    - {x: -0.5126532, y: 0.31634593, z: -0.798193}
    - {x: 0.5475029, y: 0.48566967, z: -0.68144363}
    - {x: 0.54558784, y: 0.48373857, z: -0.6843471}
    - {x: -0.18578866, y: 0.7977106, z: -0.5737075}
    - {x: 0.7368198, y: 0.67608917, z: 0}
    - {x: 0.7368767, y: 0.6760272, z: 0}
    - {x: -0.053327985, y: 0.998577, z: 0}
    - {x: -0.18578868, y: 0.79771125, z: 0.5737066}
    - {x: 0.54558814, y: 0.48373917, z: 0.6843463}
    - {x: -0.51265347, y: 0.31634685, z: 0.79819244}
    - {x: 0.5475033, y: 0.48567027, z: 0.68144304}
    - {x: 0.047311354, y: -0.027441647, z: 0.9985032}
    - {x: -0.8301778, y: -0.13621809, z: 0.540601}
    - {x: -0.45261908, y: -0.55513245, z: 0.697828}
    - {x: -0.9516085, y: -0.3073129, z: 0}
    - {x: -0.64546543, y: -0.7637895, z: -0.00000046946658}
    - {x: 0.045371752, y: -0.029711714, z: 0.99852824}
    - {x: -0.45718512, y: -0.55984443, z: 0.69105417}
    - {x: -0.64560443, y: -0.763672, z: -0.00000034588956}
    - {x: 0.6068189, y: 0.42999485, z: 0.6684873}
    - {x: 0.06468337, y: -0.020010939, z: 0.99770516}
    - {x: -0.52249545, y: -0.47976404, z: 0.70485806}
    - {x: -0.75631815, y: -0.654204, z: -0.0000003968124}
    - {x: -0.8996481, y: -0.43661582, z: -0.00000037949218}
    - {x: 0.6964519, y: 0.23510991, z: 0.6779955}
    - {x: 0.057316165, y: -0.040566187, z: 0.99753153}
    - {x: -0.62257415, y: -0.3268638, z: 0.7110284}
    - {x: 0.72345537, y: 0.029769512, z: 0.68972903}
    - {x: -0.012197031, y: -0.05120469, z: 0.9986137}
    - {x: 0.041725792, y: -0.06235681, z: 0.9971814}
    - {x: -0.71475524, y: -0.058361594, z: 0.6969355}
    - {x: -0.6733865, y: -0.15488578, z: 0.72288376}
    - {x: -0.98107237, y: -0.19364157, z: 0}
    - {x: -0.998152, y: -0.06076622, z: -0.00000051639836}
    - {x: 0.8087595, y: -0.47419307, z: 0.3479209}
    - {x: 0.38302433, y: -0.32560447, z: 0.86445016}
    - {x: 0.8830717, y: -0.3821618, z: 0.2722805}
    - {x: 0.27567554, y: -0.33089975, z: 0.9025011}
    - {x: 0.50459033, y: -0.80416924, z: 0.3141661}
    - {x: -0.3410369, y: -0.07632234, z: 0.93694645}
    - {x: -0.19787927, y: -0.4946826, z: 0.8462464}
    - {x: -0.4260938, y: 0.012686179, z: 0.90459}
    - {x: -0.8349337, y: 0.29588622, z: 0.46404433}
    - {x: -0.71523345, y: 0.18405305, z: 0.6742149}
    - {x: -0.86547816, y: 0.2198825, z: 0.45011026}
    - {x: -0.8266984, y: 0.45739353, z: -0.32765958}
    - {x: -0.5115521, y: -0.47478214, z: 0.7161678}
    - {x: 0.09098357, y: -0.89585423, z: 0.43493363}
    - {x: -0.7853673, y: 0.13275652, z: 0.60462713}
    - {x: -0.38898474, y: -0.25731045, z: 0.88458025}
    - {x: 0.108532995, y: -0.7910632, z: 0.6020296}
    - {x: 0.23016118, y: -0.6748132, z: 0.70117974}
    - {x: -0.63148236, y: 0.32750997, z: 0.70282805}
    - {x: -0.15612276, y: -0.059262186, z: 0.9859583}
    - {x: 0.4136007, y: -0.559118, z: 0.7185552}
    - {x: -0.66767573, y: 0.7245619, z: 0.17093596}
    - {x: -0.41630226, y: 0.504484, z: 0.75643134}
    - {x: -0.5029944, y: 0.85201526, z: 0.1451438}
    - {x: 0.19141129, y: 0.10070558, z: 0.9763299}
    - {x: 0.599411, y: -0.5525528, z: 0.57913035}
    - {x: -0.101033255, y: 0.65389746, z: 0.7498069}
    - {x: 0.55525815, y: 0.16188975, z: 0.8157696}
    - {x: 0.6716624, y: -0.621789, z: 0.40280038}
    - {x: -0.5958587, y: 0.7865519, z: 0.16213754}
    - {x: -0.5899441, y: 0.78194904, z: 0.20129958}
    - {x: -0.67764765, y: 0.7007323, z: 0.22308718}
    - {x: -0.618564, y: 0.6229873, z: 0.4788166}
    - {x: 0.24164481, y: 0.7373284, z: 0.63083655}
    - {x: -0.21271878, y: 0.9710905, z: 0.10832338}
    - {x: 0.7961426, y: 0.10728598, z: 0.59552217}
    - {x: 0.6316132, y: -0.72087926, z: 0.28530324}
    - {x: 0.50907725, y: 0.7200857, z: 0.47150502}
    - {x: 0.9113237, y: 0.018488523, z: 0.41127533}
    - {x: 0.5790063, y: -0.79549, z: 0.17873771}
    - {x: -0.73858756, y: 0.47353515, z: 0.4798467}
    - {x: -0.9084663, y: 0.35307014, z: 0.2236749}
    - {x: -0.37402663, y: 0.9187323, z: 0.12663037}
    - {x: -0.3782766, y: 0.91217536, z: 0.15761633}
    - {x: 0.68443, y: 0.6605771, z: 0.30853456}
    - {x: -0.8814552, y: 0.44398457, z: -0.16098}
    - {x: -0.45494917, y: 0.37010553, z: -0.8099649}
    - {x: -0.33677202, y: 0.41912332, z: -0.8431608}
    - {x: 0.27659872, y: 0.05423772, z: -0.95945364}
    - {x: 0.3462483, y: 0.15608546, z: -0.9250673}
    - {x: -0.019031668, y: -0.35985735, z: -0.9328132}
    - {x: -0.8200656, y: 0.02796947, z: -0.5715855}
    - {x: -0.9512111, y: -0.12499212, z: -0.2820892}
    - {x: -0.4220887, y: -0.48011982, z: -0.7689773}
    - {x: -0.9342707, y: 0.23610882, z: 0.26719078}
    - {x: -0.8518799, y: 0.47184607, z: 0.22729279}
    - {x: -0.92487264, y: 0.18863355, z: -0.33019373}
    - {x: -0.4884393, y: -0.2681168, z: -0.8303856}
    - {x: -0.7780431, y: 0.48335323, z: -0.40127113}
    - {x: -0.44434556, y: -0.05651121, z: -0.89407134}
    - {x: -0.44261515, y: 0.5199588, z: 0.7305714}
    - {x: -0.4950999, y: 0.7163333, z: -0.49167326}
    - {x: -0.31877607, y: 0.118025444, z: -0.940453}
    - {x: -0.48428643, y: 0.53188586, z: 0.69466835}
    - {x: -0.38855404, y: 0.5944041, z: 0.70406646}
    - {x: -0.37510788, y: 0.56418544, z: 0.7355195}
    - {x: -0.27931467, y: 0.61199135, z: 0.7398986}
    - {x: -0.6873649, y: 0.7004318, z: 0.19215827}
    - {x: -0.123356864, y: 0.7993166, z: -0.5881123}
    - {x: -0.107032046, y: 0.1272975, z: -0.9860728}
    - {x: -0.41896275, y: 0.9002081, z: 0.11872519}
    - {x: 0.18622614, y: 0.7185136, z: -0.6701179}
    - {x: 0.040587425, y: 0.015652798, z: -0.9990534}
    - {x: -0.5137107, y: 0.71499, z: 0.47422636}
    - {x: -0.4079755, y: 0.7842952, z: 0.46737254}
    - {x: -0.28381547, y: 0.64305663, z: 0.71128535}
    - {x: -0.14795034, y: 0.6976, z: 0.70104563}
    - {x: -0.14148799, y: 0.67695963, z: 0.7222928}
    - {x: 0.017558992, y: 0.73997873, z: 0.6724011}
    - {x: -0.07876506, y: 0.9963871, z: 0.03176311}
    - {x: 0.37433475, y: 0.5823758, z: -0.72160375}
    - {x: 0.053507723, y: -0.1366413, z: -0.9891745}
    - {x: 0.2212149, y: 0.9730769, z: -0.06469366}
    - {x: 0.4288362, y: 0.45161197, z: -0.78239775}
    - {x: 0.065683015, y: -0.27264234, z: -0.95987076}
    - {x: 0.4508123, y: 0.88089794, z: -0.14417683}
    - {x: 0.9228451, y: 0.13355677, z: -0.36127487}
    - {x: 0.62346405, y: -0.55548644, z: -0.55020666}
    - {x: 0.942661, y: -0.10325484, z: 0.31737813}
    - {x: 0.85181123, y: 0.5014257, z: -0.15162423}
    - {x: 0.75522935, y: 0.60178274, z: 0.2597811}
    - {x: 0.2382564, y: 0.92719907, z: 0.28902563}
    - {x: 0.51814884, y: 0.82998174, z: -0.20652376}
    - {x: 0.29853147, y: 0.7851707, z: 0.5425735}
    - {x: 0.070275314, y: 0.99635965, z: 0.04825708}
    - {x: 0.3196464, y: 0.7909848, z: 0.5216985}
    - {x: 0.17686605, y: 0.77882075, z: 0.60179454}
    - {x: 0.17536399, y: 0.77915174, z: 0.6018057}
    - {x: 0.09794775, y: 0.99382, z: 0.05223118}
    - {x: -0.058364734, y: 0.9941906, z: 0.09043648}
    - {x: -0.05009406, y: 0.9952512, z: 0.08345958}
    - {x: 0.009421739, y: 0.7503193, z: 0.6610084}
    - {x: -0.11309763, y: 0.90195256, z: 0.4167618}
    - {x: 0.076358095, y: 0.9308088, z: 0.35744157}
    - {x: -0.22544603, y: 0.9652065, z: 0.13247792}
    - {x: -0.2772939, y: 0.84837216, z: 0.4509688}
    - {x: -0.49793765, y: 0.84807634, z: 0.18117589}
    - {x: 0, y: 0.99992406, z: 0.0123273}
    - {x: -0.16433546, y: 0.9864037, z: -0.0012413708}
    - {x: -0.15186371, y: 0.96845645, z: 0.19755925}
    - {x: 0.22789903, y: 0.9736848, z: 0}
    - {x: 0.2253446, y: 0.96795416, z: 0.11083607}
    - {x: 0.568008, y: 0.823023, z: 0}
    - {x: -0.14369313, y: 0.9583699, z: 0.24673735}
    - {x: 0.5681223, y: 0.8225579, z: -0.025206476}
    - {x: 0.8112953, y: 0.5846367, z: 0}
    - {x: 0.19473729, y: 0.97892886, z: 0.06144602}
    - {x: 0.8031941, y: 0.5747636, z: -0.15660824}
    - {x: 0.95812035, y: 0.28636584, z: 0}
    - {x: -0.19381332, y: 0.9616527, z: 0.19406334}
    - {x: 0.52587605, y: 0.83371633, z: -0.16843794}
    - {x: 0.9315037, y: 0.27830502, z: -0.234195}
    - {x: 0.99998844, y: 0.0048007695, z: 0}
    - {x: 0.07917849, y: 0.993711, z: -0.07917842}
    - {x: -0.24679825, y: 0.9584072, z: 0.14333901}
    - {x: 0.74203193, y: 0.5667956, z: -0.35795444}
    - {x: 0.9660171, y: 0.0031523716, z: -0.2584589}
    - {x: 0.9743998, y: -0.22482212, z: 0}
    - {x: -0.19878201, y: 0.96800214, z: 0.15315805}
    - {x: 0, y: 0.9854866, z: 0.169753}
    - {x: -0.061446194, y: 0.97892886, z: -0.19473732}
    - {x: 0.37599453, y: 0.8469098, z: -0.37599453}
    - {x: -0.11083654, y: 0.96795404, z: -0.22534464}
    - {x: 0, y: 0.9736848, z: -0.22789916}
    - {x: 0.8431067, y: 0.27010778, z: -0.46498698}
    - {x: 0.94000876, y: -0.22512488, z: -0.25632474}
    - {x: 0.900822, y: -0.4341886, z: 0}
    - {x: 0.16843782, y: 0.83371633, z: -0.5258762}
    - {x: 0.025206259, y: 0.82255787, z: -0.5681225}
    - {x: 0, y: 0.8230229, z: -0.5680082}
    - {x: 0.5830232, y: 0.56583375, z: -0.58302325}
    - {x: 0.86636215, y: 0.004165481, z: -0.49939892}
    - {x: 0.86929554, y: -0.4331596, z: -0.23811328}
    - {x: 0.7393137, y: -0.6733612, z: 0}
    - {x: 0.1566081, y: 0.5747635, z: -0.8031942}
    - {x: 0, y: 0.5846365, z: -0.81129533}
    - {x: 0.35795432, y: 0.5667956, z: -0.742032}
    - {x: 0.6810664, y: 0.26888123, z: -0.6810664}
    - {x: 0.8410866, y: -0.22153501, z: -0.49345267}
    - {x: 0.72790086, y: -0.6635379, z: -0.17285244}
    - {x: 0.47006953, y: -0.8826294, z: 0}
    - {x: 0.23419484, y: 0.27830493, z: -0.9315037}
    - {x: 0, y: 0.28636566, z: -0.95812035}
    - {x: 0.46498695, y: 0.27010772, z: -0.84310675}
    - {x: 0.7070949, y: 0.00577547, z: -0.707095}
    - {x: 0.77891785, y: -0.42713973, z: -0.45917165}
    - {x: 0.468678, y: -0.88312006, z: -0.020974215}
    - {x: 0.14747968, y: -0.9890651, z: 0}
    - {x: 0.25845888, y: 0.0031522836, z: -0.9660171}
    - {x: 0, y: 0.0048006186, z: -0.99998844}
    - {x: 0.4993988, y: 0.004165364, z: -0.86636215}
    - {x: 0.68998337, y: -0.21873711, z: -0.68998337}
    - {x: 0.66471577, y: -0.6455335, z: -0.37608442}
    - {x: 0.15262997, y: -0.97897583, z: 0.13531548}
    - {x: 0, y: -1, z: 0}
    - {x: 0.2563248, y: -0.22512496, z: -0.94000864}
    - {x: 0, y: -0.22482227, z: -0.9743998}
    - {x: 0.49345267, y: -0.22153497, z: -0.8410866}
    - {x: 0.6407088, y: -0.42306548, z: -0.6407088}
    - {x: 0.44029856, y: -0.88038677, z: -0.17622787}
    - {x: 0.23811336, y: -0.43315953, z: -0.8692956}
    - {x: 0, y: -0.43418851, z: -0.90082204}
    - {x: 0.45917186, y: -0.42713964, z: -0.77891785}
    - {x: 0.5444212, y: -0.6381312, z: -0.5444209}
    - {x: 0.15016145, y: -0.98306495, z: 0.10504704}
    - {x: 0.17285252, y: -0.6635378, z: -0.72790086}
    - {x: 0, y: -0.67336106, z: -0.73931384}
    - {x: 0.3760847, y: -0.64553344, z: -0.66471565}
    - {x: 0.3430478, y: -0.87443507, z: -0.3430474}
    - {x: 0.020974142, y: -0.88312024, z: -0.4686778}
    - {x: 0, y: -0.8826294, z: -0.47006953}
    - {x: 0.1762284, y: -0.8803869, z: -0.4402982}
    - {x: 0.04054084, y: -0.9983551, z: -0.040540576}
    - {x: -0.10504641, y: -0.9830651, z: -0.15016086}
    - {x: -0.13531563, y: -0.97897595, z: -0.15262945}
    - {x: 0, y: -0.9890651, z: -0.1474795}
    - {x: 0, y: 0.99992406, z: 0.0123273}
    - {x: -0.00000034305697, y: 0.9872295, z: -0.15930447}
    - {x: -0.19616531, y: 0.96990865, z: -0.14420924}
    - {x: 0, y: 0.9736848, z: 0.22789891}
    - {x: -0.110836275, y: 0.96795416, z: 0.22534467}
    - {x: 0, y: 0.82302296, z: 0.56800807}
    - {x: -0.24287815, y: 0.9604156, z: -0.13642623}
    - {x: 0.02520636, y: 0.8225581, z: 0.56812227}
    - {x: 0.00000035797112, y: 0.5846369, z: 0.81129503}
    - {x: -0.06144601, y: 0.97892886, z: 0.19473721}
    - {x: 0.1566083, y: 0.5747639, z: 0.80319387}
    - {x: 0.00000041482326, y: 0.28636605, z: 0.95812035}
    - {x: -0.18837649, y: 0.96391255, z: -0.18811373}
    - {x: 0.16843793, y: 0.83371663, z: 0.5258757}
    - {x: 0.23419523, y: 0.2783052, z: 0.9315035}
    - {x: 0.00000042607564, y: 0.004800877, z: 0.99998844}
    - {x: 0.07917861, y: 0.993711, z: 0.079178415}
    - {x: -0.13600795, y: 0.9604786, z: -0.24286354}
    - {x: 0.35795438, y: 0.566796, z: 0.74203163}
    - {x: 0.25845927, y: 0.0031525807, z: 0.96601707}
    - {x: 0.00000042726427, y: -0.22482207, z: 0.9743998}
    - {x: -0.14526306, y: 0.9695237, z: -0.1972875}
    - {x: -0.16433546, y: 0.9864037, z: -0.0012413708}
    - {x: 0.19473727, y: 0.97892886, z: -0.061446324}
    - {x: 0.3759946, y: 0.84690994, z: 0.37599427}
    - {x: 0.22534464, y: 0.96795404, z: -0.11083647}
    - {x: 0.22789903, y: 0.9736848, z: 0}
    - {x: 0.46498713, y: 0.27010792, z: 0.8431066}
    - {x: 0.25632522, y: -0.22512485, z: 0.94000864}
    - {x: 0.0000004000375, y: -0.4341886, z: 0.900822}
    - {x: 0.525876, y: 0.8337165, z: 0.16843745}
    - {x: 0.5681223, y: 0.82255805, z: 0.025205934}
    - {x: 0.568008, y: 0.823023, z: 0}
    - {x: 0.58302325, y: 0.5658341, z: 0.5830228}
    - {x: 0.4993991, y: 0.0041657, z: 0.8663621}
    - {x: 0.23811364, y: -0.43315953, z: 0.8692954}
    - {x: 0.0000003379294, y: -0.673361, z: 0.73931384}
    - {x: 0.8031941, y: 0.5747637, z: 0.15660778}
    - {x: 0.8112953, y: 0.5846367, z: 0}
    - {x: 0.74203193, y: 0.56679595, z: 0.35795385}
    - {x: 0.6810666, y: 0.26888144, z: 0.6810661}
    - {x: 0.49345288, y: -0.2215349, z: 0.84108657}
    - {x: 0.17285278, y: -0.6635377, z: 0.72790086}
    - {x: 0, y: -0.8826292, z: 0.47006986}
    - {x: 0.9315038, y: 0.27830496, z: 0.23419456}
    - {x: 0.95812035, y: 0.28636584, z: 0}
    - {x: 0.8431069, y: 0.27010778, z: 0.46498656}
    - {x: 0.70709515, y: 0.0057756887, z: 0.7070947}
    - {x: 0.45917186, y: -0.4271396, z: 0.7789178}
    - {x: 0.020974575, y: -0.88311994, z: 0.46867827}
    - {x: 0, y: -0.98906505, z: 0.14747994}
    - {x: 0.9660171, y: 0.0031524687, z: 0.2584586}
    - {x: 0.99998844, y: 0.0048007695, z: 0}
    - {x: 0.86636245, y: 0.004165607, z: 0.49939847}
    - {x: 0.68998367, y: -0.21873692, z: 0.6899832}
    - {x: 0.3760845, y: -0.6455333, z: 0.664716}
    - {x: -0.13531491, y: -0.97897595, z: 0.15263005}
    - {x: 0, y: -1, z: 0}
    - {x: 0.94000876, y: -0.22512482, z: 0.25632468}
    - {x: 0.9743998, y: -0.22482212, z: 0}
    - {x: 0.8410868, y: -0.22153483, z: 0.4934523}
    - {x: 0.64070904, y: -0.4230654, z: 0.64070874}
    - {x: 0.17622782, y: -0.8803866, z: 0.44029897}
    - {x: 0.8692956, y: -0.43315956, z: 0.23811328}
    - {x: 0.900822, y: -0.4341886, z: 0}
    - {x: 0.77891797, y: -0.42713958, z: 0.45917153}
    - {x: 0.5444213, y: -0.63813096, z: 0.5444212}
    - {x: -0.10504705, y: -0.98306495, z: 0.15016188}
    - {x: 0.72790086, y: -0.66353774, z: 0.17285249}
    - {x: 0.7393137, y: -0.6733612, z: 0}
    - {x: 0.664716, y: -0.64553326, z: 0.3760844}
    - {x: 0.34304753, y: -0.874435, z: 0.34304768}
    - {x: 0.468678, y: -0.88312006, z: 0.020974314}
    - {x: 0.47006953, y: -0.8826294, z: 0}
    - {x: 0.44029883, y: -0.8803867, z: 0.17622773}
    - {x: 0.040540613, y: -0.9983551, z: 0.040540803}
    - {x: 0.15016155, y: -0.98306495, z: -0.10504713}
    - {x: 0.15262973, y: -0.97897595, z: -0.13531503}
    - {x: 0.14747968, y: -0.9890651, z: 0}
    - {x: 0, y: 0.99992406, z: 0.0123273}
    - {x: 0.16433546, y: 0.9864037, z: -0.0012414957}
    - {x: 0.14526282, y: 0.9695237, z: -0.19728762}
    - {x: -0.22789903, y: 0.9736848, z: 0}
    - {x: -0.22534472, y: 0.96795404, z: -0.110836275}
    - {x: -0.56800807, y: 0.82302296, z: 0.00000037169093}
    - {x: 0.13600771, y: 0.9604786, z: -0.24286366}
    - {x: -0.5681223, y: 0.8225579, z: 0.025206484}
    - {x: -0.8112953, y: 0.5846367, z: 0.0000005941834}
    - {x: -0.1947373, y: 0.97892886, z: -0.061446104}
    - {x: -0.8031939, y: 0.57476366, z: 0.15660848}
    - {x: -0.95812035, y: 0.2863659, z: 0.0000007240998}
    - {x: 0.18837637, y: 0.96391255, z: -0.18811382}
    - {x: -0.5258758, y: 0.8337165, z: 0.16843808}
    - {x: -0.9315035, y: 0.27830508, z: 0.23419535}
    - {x: -0.99998844, y: 0.0048007625, z: 0.0000007742403}
    - {x: -0.079178475, y: 0.993711, z: 0.07917848}
    - {x: 0.24287829, y: 0.9604155, z: -0.13642631}
    - {x: -0.74203163, y: 0.5667959, z: 0.35795456}
    - {x: -0.96601695, y: 0.0031524473, z: 0.2584595}
    - {x: -0.9743998, y: -0.22482215, z: 0.0000007962652}
    - {x: 0.1961652, y: 0.96990865, z: -0.1442094}
    - {x: -0.00000034305697, y: 0.9872295, z: -0.15930447}
    - {x: 0.061446287, y: 0.97892886, z: 0.19473715}
    - {x: -0.37599427, y: 0.8469098, z: 0.37599465}
    - {x: 0.11083652, y: 0.96795416, z: 0.22534446}
    - {x: 0, y: 0.9736848, z: 0.22789891}
    - {x: -0.84310645, y: 0.27010784, z: 0.46498734}
    - {x: -0.9400085, y: -0.22512485, z: 0.25632542}
    - {x: -0.900822, y: -0.4341886, z: 0.00000072734093}
    - {x: -0.1684375, y: 0.83371663, z: 0.5258759}
    - {x: -0.025205871, y: 0.82255805, z: 0.56812227}
    - {x: 0, y: 0.82302296, z: 0.56800807}
    - {x: -0.58302265, y: 0.56583416, z: 0.5830234}
    - {x: -0.8663619, y: 0.0041655614, z: 0.49939945}
    - {x: -0.8692954, y: -0.43315947, z: 0.23811392}
    - {x: -0.7393138, y: -0.67336106, z: 0.00000056535845}
    - {x: -0.15660758, y: 0.57476383, z: 0.8031939}
    - {x: 0.00000035797112, y: 0.5846369, z: 0.81129503}
    - {x: -0.35795373, y: 0.566796, z: 0.74203193}
    - {x: -0.68106586, y: 0.2688815, z: 0.6810668}
    - {x: -0.8410863, y: -0.22153483, z: 0.49345317}
    - {x: -0.72790086, y: -0.66353774, z: 0.17285302}
    - {x: -0.47006953, y: -0.8826294, z: 0.00000038493275}
    - {x: -0.2341944, y: 0.2783052, z: 0.9315038}
    - {x: 0.00000041482326, y: 0.28636605, z: 0.95812035}
    - {x: -0.46498632, y: 0.2701079, z: 0.84310704}
    - {x: -0.70709443, y: 0.005775611, z: 0.70709544}
    - {x: -0.77891755, y: -0.42713958, z: 0.45917222}
    - {x: -0.4686779, y: -0.88312006, z: 0.020974644}
    - {x: -0.14747967, y: -0.9890651, z: 0}
    - {x: -0.25845835, y: 0.0031525341, z: 0.96601725}
    - {x: 0.00000042607564, y: 0.004800877, z: 0.99998844}
    - {x: -0.4993982, y: 0.004165641, z: 0.8663625}
    - {x: -0.6899829, y: -0.21873689, z: 0.6899839}
    - {x: -0.66471565, y: -0.64553326, z: 0.37608498}
    - {x: -0.15262985, y: -0.97897595, z: -0.13531494}
    - {x: 0, y: -1, z: 0}
    - {x: -0.25632432, y: -0.22512485, z: 0.9400089}
    - {x: 0.00000042726427, y: -0.22482207, z: 0.9743998}
    - {x: -0.49345207, y: -0.22153486, z: 0.8410871}
    - {x: -0.64070845, y: -0.4230654, z: 0.6407094}
    - {x: -0.4402985, y: -0.88038677, z: 0.17622815}
    - {x: -0.23811287, y: -0.43315962, z: 0.8692957}
    - {x: 0.0000004000375, y: -0.4341886, z: 0.900822}
    - {x: -0.45917112, y: -0.42713964, z: 0.7789182}
    - {x: -0.54442066, y: -0.63813096, z: 0.5444218}
    - {x: -0.15016162, y: -0.98306495, z: -0.10504694}
    - {x: -0.17285213, y: -0.6635377, z: 0.72790104}
    - {x: 0.0000003379294, y: -0.673361, z: 0.73931384}
    - {x: -0.37608397, y: -0.64553326, z: 0.66471624}
    - {x: -0.34304714, y: -0.87443507, z: 0.34304807}
    - {x: -0.020974189, y: -0.88311994, z: 0.46867827}
    - {x: 0, y: -0.8826292, z: 0.47006986}
    - {x: -0.17622744, y: -0.8803866, z: 0.44029912}
    - {x: -0.040540513, y: -0.9983551, z: 0.040540885}
    - {x: 0.10504719, y: -0.98306495, z: 0.15016176}
    - {x: 0.13531505, y: -0.97897595, z: 0.15262991}
    - {x: 0, y: -0.98906505, z: 0.14747994}
    - {x: 0.8347222, y: -0.29673094, z: -0.46388534}
    - {x: 0.8087595, y: -0.47419307, z: 0.3479209}
    - {x: 0.8830717, y: -0.3821618, z: 0.2722805}
    - {x: 0.8651711, y: -0.2207716, z: -0.45026535}
    - {x: 0.3462483, y: 0.15608546, z: -0.9250673}
    - {x: 0.27659872, y: 0.05423772, z: -0.95945364}
    - {x: 0.50459033, y: -0.80416924, z: 0.3141661}
    - {x: -0.019031668, y: -0.35985735, z: -0.9328132}
    - {x: 0.7361058, y: -0.47779518, z: -0.4794372}
    - {x: 0.61774373, y: -0.62376285, z: -0.47886598}
    - {x: 0.6762676, y: -0.6987648, z: -0.23321588}
    - {x: 0.58827263, y: -0.7805556, z: -0.21134877}
    - {x: 0.667387, y: -0.72469056, z: -0.17151695}
    - {x: 0.09098357, y: -0.89585423, z: 0.43493363}
    - {x: 0.108532995, y: -0.7910632, z: 0.6020296}
    - {x: 0.59594566, y: -0.7864329, z: -0.16239479}
    - {x: 0.5030647, y: -0.85195357, z: -0.14526205}
    - {x: 0.23016118, y: -0.6748132, z: 0.70117974}
    - {x: 0.4136007, y: -0.559118, z: 0.7185552}
    - {x: 0.49008855, y: -0.53624874, z: -0.68720484}
    - {x: 0.39367604, y: -0.59937143, z: -0.6969743}
    - {x: 0.44264993, y: -0.52055573, z: -0.7301251}
    - {x: -0.4220887, y: -0.48011982, z: -0.7689773}
    - {x: -0.4884393, y: -0.2681168, z: -0.8303856}
    - {x: 0.3752825, y: -0.5643077, z: -0.7353366}
    - {x: 0.2794768, y: -0.6120034, z: -0.73982733}
    - {x: -0.44434556, y: -0.05651121, z: -0.89407134}
    - {x: -0.31877607, y: 0.118025444, z: -0.940453}
    - {x: 0.5140654, y: -0.7147576, z: -0.47419223}
    - {x: 0.40834397, y: -0.7840951, z: -0.4673864}
    - {x: 0.2891774, y: -0.64921147, z: -0.70349205}
    - {x: 0.15336676, y: -0.70495296, z: -0.6924739}
    - {x: 0.14155269, y: -0.67696524, z: -0.7222749}
    - {x: -0.017577603, y: -0.74003196, z: -0.672342}
    - {x: -0.107032046, y: 0.1272975, z: -0.9860728}
    - {x: 0.040587425, y: 0.015652798, z: -0.9990534}
    - {x: 0.49561542, y: -0.8470176, z: -0.19216302}
    - {x: 0.3749871, y: -0.91141963, z: -0.16940792}
    - {x: 0.27745938, y: -0.84835047, z: -0.45090777}
    - {x: 0.11295283, y: -0.9020364, z: -0.41661948}
    - {x: -0.0043764003, y: -0.75851, z: -0.6516466}
    - {x: -0.17291127, y: -0.7880715, z: -0.59080034}
    - {x: -0.1757221, y: -0.7792386, z: -0.6015887}
    - {x: -0.2990344, y: -0.78514516, z: -0.54233336}
    - {x: 0.053507723, y: -0.1366413, z: -0.9891745}
    - {x: 0.065683015, y: -0.27264234, z: -0.95987076}
    - {x: -0.31662783, y: -0.8006806, z: -0.50858384}
    - {x: -0.23408759, y: -0.92767245, z: -0.290907}
    - {x: 0.62346405, y: -0.55548644, z: -0.55020666}
    - {x: 0.5790063, y: -0.79549, z: 0.17873771}
    - {x: -0.07571874, y: -0.9307576, z: -0.35771087}
    - {x: 0.051328667, y: -0.9932991, z: -0.10354767}
    - {x: -0.107425, y: -0.9920339, z: -0.06579137}
    - {x: -0.07073478, y: -0.99633247, z: -0.04814754}
    - {x: 0.6316132, y: -0.72087926, z: 0.28530324}
    - {x: 0.6716624, y: -0.621789, z: 0.40280038}
    - {x: 0.049764488, y: -0.9952661, z: -0.08348029}
    - {x: 0.21264562, y: -0.9710976, z: -0.108403146}
    - {x: 0.599411, y: -0.5525528, z: 0.57913035}
    - {x: 0.22080047, y: -0.96450394, z: -0.14484267}
    - {x: 0.3740553, y: -0.9187152, z: -0.1266695}
    - {x: 0, y: 0.99992406, z: 0.0123273}
    - {x: 0, y: 0.9854866, z: 0.169753}
    - {x: 0.19878195, y: 0.96800226, z: 0.15315787}
    - {x: 0, y: 0.9736848, z: -0.22789916}
    - {x: 0.11083623, y: 0.96795404, z: -0.2253448}
    - {x: 0, y: 0.8230229, z: -0.5680082}
    - {x: 0.24679846, y: 0.9584072, z: 0.14333886}
    - {x: -0.025206808, y: 0.82255787, z: -0.56812245}
    - {x: 0, y: 0.5846365, z: -0.81129533}
    - {x: 0.06144596, y: 0.97892886, z: -0.19473732}
    - {x: -0.15660878, y: 0.57476354, z: -0.803194}
    - {x: 0, y: 0.28636566, z: -0.95812035}
    - {x: 0.19381347, y: 0.9616527, z: 0.19406328}
    - {x: -0.1684385, y: 0.83371633, z: -0.52587605}
    - {x: -0.23419558, y: 0.27830487, z: -0.9315036}
    - {x: 0, y: 0.0048006186, z: -0.99998844}
    - {x: -0.07917864, y: 0.993711, z: -0.07917833}
    - {x: 0.14369334, y: 0.9583699, z: 0.24673723}
    - {x: -0.35795525, y: 0.5667956, z: -0.7420316}
    - {x: -0.25845957, y: 0.0031522305, z: -0.96601695}
    - {x: 0, y: -0.22482227, z: -0.9743998}
    - {x: 0.15186393, y: 0.9684563, z: 0.19755913}
    - {x: 0.16433546, y: 0.9864037, z: -0.0012414957}
    - {x: -0.19473727, y: 0.97892886, z: 0.061446212}
    - {x: -0.37599498, y: 0.84690976, z: -0.3759943}
    - {x: -0.2253445, y: 0.96795416, z: 0.11083629}
    - {x: -0.22789903, y: 0.9736848, z: 0}
    - {x: -0.46498784, y: 0.27010766, z: -0.84310627}
    - {x: -0.25632557, y: -0.22512504, z: -0.94000846}
    - {x: 0, y: -0.43418851, z: -0.90082204}
    - {x: -0.52587634, y: 0.83371633, z: -0.16843751}
    - {x: -0.5681224, y: 0.8225579, z: -0.025205942}
    - {x: -0.56800807, y: 0.82302296, z: 0.00000037169093}
    - {x: -0.5830237, y: 0.5658337, z: -0.5830227}
    - {x: -0.4993997, y: 0.004165383, z: -0.8663616}
    - {x: -0.23811398, y: -0.43315947, z: -0.8692954}
    - {x: 0, y: -0.67336106, z: -0.73931384}
    - {x: -0.8031942, y: 0.5747636, z: -0.15660755}
    - {x: -0.8112953, y: 0.5846367, z: 0.0000005941834}
    - {x: -0.7420323, y: 0.5667956, z: -0.35795385}
    - {x: -0.681067, y: 0.26888135, z: -0.68106574}
    - {x: -0.49345344, y: -0.22153501, z: -0.84108615}
    - {x: -0.17285302, y: -0.6635377, z: -0.72790074}
    - {x: 0, y: -0.8826294, z: -0.47006953}
    - {x: -0.9315038, y: 0.27830505, z: -0.23419411}
    - {x: -0.95812035, y: 0.2863659, z: 0.0000007240998}
    - {x: -0.8431071, y: 0.2701078, z: -0.4649863}
    - {x: -0.70709556, y: 0.005775531, z: -0.7070943}
    - {x: -0.45917264, y: -0.42713964, z: -0.77891743}
    - {x: -0.020974642, y: -0.88312024, z: -0.46867767}
    - {x: 0, y: -0.9890651, z: -0.1474795}
    - {x: -0.96601737, y: 0.0031523737, z: -0.258458}
    - {x: -0.99998844, y: 0.0048007625, z: 0.0000007742403}
    - {x: -0.86636263, y: 0.004165503, z: -0.49939814}
    - {x: -0.6899839, y: -0.2187371, z: -0.6899827}
    - {x: -0.37608543, y: -0.6455334, z: -0.6647153}
    - {x: 0.13531533, y: -0.97897595, z: -0.15262939}
    - {x: 0, y: -1, z: 0}
    - {x: -0.94000894, y: -0.22512493, z: -0.25632393}
    - {x: -0.9743998, y: -0.22482215, z: 0.0000007962652}
    - {x: -0.8410871, y: -0.22153512, z: -0.49345192}
    - {x: -0.64070946, y: -0.42306548, z: -0.6407081}
    - {x: -0.176229, y: -0.8803869, z: -0.44029793}
    - {x: -0.8692957, y: -0.43315968, z: -0.23811254}
    - {x: -0.900822, y: -0.4341886, z: 0.00000072734093}
    - {x: -0.77891827, y: -0.4271398, z: -0.45917097}
    - {x: -0.5444218, y: -0.63813114, z: -0.54442036}
    - {x: 0.105046146, y: -0.9830651, z: -0.15016086}
    - {x: -0.72790104, y: -0.66353786, z: -0.17285182}
    - {x: -0.7393138, y: -0.67336106, z: 0.00000056535845}
    - {x: -0.6647162, y: -0.64553344, z: -0.3760838}
    - {x: -0.34304816, y: -0.8744352, z: -0.3430469}
    - {x: -0.468678, y: -0.88312006, z: -0.020973906}
    - {x: -0.47006953, y: -0.8826294, z: 0.00000038493275}
    - {x: -0.4402987, y: -0.88038677, z: -0.1762274}
    - {x: -0.040541217, y: -0.9983551, z: -0.04054012}
    - {x: -0.15016147, y: -0.98306495, z: 0.10504713}
    - {x: -0.15262961, y: -0.97897595, z: 0.13531514}
    - {x: -0.14747967, y: -0.9890651, z: 0}
    - {x: -0.9516085, y: -0.3073129, z: 0}
    - {x: -0.8677643, y: 0.49295938, z: 0.06305688}
    - {x: -0.83017796, y: -0.13621846, z: -0.5406008}
    - {x: -0.8563258, y: 0.516436, z: 0.00000026807066}
    - {x: -0.8989644, y: 0.43802184, z: 0}
    - {x: -0.8301778, y: -0.13621809, z: 0.540601}
    - {x: -0.89538246, y: 0.43627718, z: 0.089176595}
    - {x: -0.5126532, y: 0.31634593, z: -0.798193}
    - {x: -0.8677645, y: 0.49295914, z: -0.06305689}
    - {x: -0.51265347, y: 0.31634685, z: 0.79819244}
    - {x: -0.92300266, y: 0.37959206, z: 0.063055314}
    - {x: -0.18578866, y: 0.7977106, z: -0.5737075}
    - {x: -0.8953825, y: 0.4362768, z: -0.089177035}
    - {x: -0.18578868, y: 0.79771125, z: 0.5737066}
    - {x: -0.9344428, y: 0.35611323, z: 0}
    - {x: -0.053327985, y: 0.998577, z: 0}
    - {x: -0.9230027, y: 0.37959188, z: -0.063055634}
--- !u!114 &3302242696869883771
MonoBehaviour:
  m_ObjectHideFlags: 0
  m_CorrespondingSourceObject: {fileID: 0}
  m_PrefabInstance: {fileID: 0}
  m_PrefabAsset: {fileID: 0}
  m_GameObject: {fileID: 2383114405902959993}
  m_Enabled: 1
  m_EditorHideFlags: 0
  m_Script: {fileID: 11500000, guid: 94fa4f6be548af04dacd0a8a100a7e51, type: 3}
  m_Name: 
  m_EditorClassIdentifier: 
  itemStats: {fileID: 11400000, guid: d1b7bf4ef7acb2b42b76346927472d01, type: 2}
  nameUI: {fileID: 0}
  posTrans: {fileID: 0}
  namePos: {fileID: 3302242697780963573}
  objectType: 1
--- !u!1 &3302242697331011549
GameObject:
  m_ObjectHideFlags: 0
  m_CorrespondingSourceObject: {fileID: 0}
  m_PrefabInstance: {fileID: 0}
  m_PrefabAsset: {fileID: 0}
  serializedVersion: 6
  m_Component:
  - component: {fileID: 3302242697331011548}
  m_Layer: 10
  m_Name: point
  m_TagString: Untagged
  m_Icon: {fileID: 0}
  m_NavMeshLayer: 0
  m_StaticEditorFlags: 0
  m_IsActive: 1
--- !u!4 &3302242697331011548
Transform:
  m_ObjectHideFlags: 0
  m_CorrespondingSourceObject: {fileID: 0}
  m_PrefabInstance: {fileID: 0}
  m_PrefabAsset: {fileID: 0}
  m_GameObject: {fileID: 3302242697331011549}
  m_LocalRotation: {x: 0, y: 0, z: 0, w: 1}
  m_LocalPosition: {x: 0, y: 0, z: 0}
  m_LocalScale: {x: 1, y: 1, z: 1}
  m_Children: []
  m_Father: {fileID: 3051563962803298243}
  m_RootOrder: 1
  m_LocalEulerAnglesHint: {x: 0, y: 0, z: 0}
--- !u!1 &3302242697780963578
GameObject:
  m_ObjectHideFlags: 0
  m_CorrespondingSourceObject: {fileID: 0}
  m_PrefabInstance: {fileID: 0}
  m_PrefabAsset: {fileID: 0}
  serializedVersion: 6
  m_Component:
  - component: {fileID: 3302242697780963573}
  m_Layer: 10
  m_Name: name
  m_TagString: Untagged
  m_Icon: {fileID: 0}
  m_NavMeshLayer: 0
  m_StaticEditorFlags: 0
  m_IsActive: 1
--- !u!4 &3302242697780963573
Transform:
  m_ObjectHideFlags: 0
  m_CorrespondingSourceObject: {fileID: 0}
  m_PrefabInstance: {fileID: 0}
  m_PrefabAsset: {fileID: 0}
  m_GameObject: {fileID: 3302242697780963578}
  m_LocalRotation: {x: 0, y: 0, z: 0, w: 1}
  m_LocalPosition: {x: 0, y: 1.041, z: -0}
  m_LocalScale: {x: 1, y: 1, z: 1}
  m_Children: []
  m_Father: {fileID: 3051563962803298243}
  m_RootOrder: 0
  m_LocalEulerAnglesHint: {x: 0, y: 0, z: 0}
